3177 5011
1779 346 1860 411 56

800 495 883 551 St.
920 497 1238 553 cereolinum
1288 504 1347 572 β.
1401 498 1651 557 Cer-eolus
1701 497 1800 553 Th.
1845 495 1935 553 Fr.
1983 496 2184 553 Comm.
2222 497 2358 554 Stet.
2412 515 2464 570 p.
2514 495 2610 560 19,
2666 494 2808 550 Mon.
2848 496 3000 551 Ster.

661 602 711 655 p·
748 584 875 726 4033&
912 673 1287 727 maden-satum
1324 689 1438 727 var.
1474 675 1788 729 corentinum
1837 674 1956 745 Nyl.
1995 673 2180 729 Scand.
2228 691 2279 744 p.
2317 672 2387 726 66
2434 689 2483 742 ρ.
2503 689 2556 742 ρ.
2590 672 2713 740 (sec.
2752 689 2892 744 spec.
2933 672 2999 727 in

660 759 751 813 hb.
792 759 926 813 Mus.
964 758 1172 829 Fenn.).

798 847 1173 901 Stereocaulon‘
1210 846 1416 901 Fibula
1452 845 1732 903 Tuckenn.
1772 847 1896 917 Syn.
1936 847 2122 917 (1848)
2158 864 2208 917 p.
2245 847 2331 901 46.

800 934 1125 1003 Pelophonoe
1160 933 1365 987 Fibula
1401 932 1500 986 Th.
1541 932 1632 990 Fr.
1672 936 1872 991 Comm.
1913 934 2046 990 Stet.
2085 952 2137 1005 p.
2174 935 2268 998 42,
2308 934 2448 989 Mon.
2488 934 2624 989 Ster.
2651 950 2702 1004 p.
2729 933 2822 996 71,
2862 931 2998 1003 Nyl.

665 1020 1127 1178 ὃγῃὲῑοίἶίω
1161 1106 1408 1162 robnoem
1441 1112 1498 1178 β.
1538 1105 1748 1161 Fibula
1782 1105 1880 1160 Th.
1920 1106 2005 1161 Fr.
2044 1106 2164 1161 Vet.
2205 1105 2303 1160 ΑΒ.
2345 1105 2501 1161 Foth.
2540 1106 2682 1160 1864
2716 1125 2768 1179 p.
2808 1108 2935 1163 2¹11.

832 1233 927 1298 Ad
977 1252 1160 1318 rupes
1214 1230 1854 1297 micaceo-schistosas
1913 1232 2340 1314 calcareasque
2387 1230 2715 1314 irrigataS,
2764 1232 2995 1315 praeci-

662 1354 781 1419 pue
824 1335 977 1401 locis
1024 1335 1330 1401 umbrosis
1382 1335 1503 1421 (sic
1548 1354 1607 1399 v.
1634 1353 1685 1399 c.
1717 1335 1931 1400 —rite
1978 1336 2339 1400 observante
2384 1335 2563 1399 amic.
2611 1335 2995 1399 Norman—

666 1440 984 1521 angustias
1029 1441 1278 1523 rupium
1324 1459 1360 1504 a
1402 1439 1655 1504 flumine
1698 1438 1912 1521 rapido
1963 1457 2021 1504 v.
2068 1440 2447 1504 cataractam
2493 1437 2796 1502 efficiente
2843 1458 2995 1522 per-

661 1540 853 1605 fluxas
920 1561 1191 1625 persaepe
1260 1542 1523 1628 diligit).
1616 1542 1953 1607 Permultis
2020 1542 2172 1607 locis
2208 1542 2340 1626 jam
2412 1543 2505 1605 est
2562 1542 2872 1606 inventus:
2927 1542 2999 1607 in

667 1642 995 1726 Norveyia
1040 1645 1203 1710 circa
1248 1643 1685 1711 Christianiam
1734 1645 2017 1728 pluribus
2063 1645 2215 1709 locis
2261 1645 2504 1728 copiose
2552 1644 2792 1730 (Moe),
2843 1644 2994 1709 Sta-

663 1767 899 1831 vanger
964 1748 1204 1834 (Moe),
1274 1747 1670 1813 Stuelsbroen
1739 1749 1930 1835 (ipse)
1999 1752 2063 1814 et
2118 1747 2475 1830 Laurgaard
2533 1748 2669 1833 (hb.
2733 1748 2995 1834 Norm.)

663 1850 1251 1928 Gudbrandsdaliae,
1299 1852 1501 1916 Dovre
1548 1852 1624 1915 ad
1671 1850 2037 1935 Kongsvold
2075 1851 2248 1937 (Moe
2283 1854 2345 1915 et
2388 1849 2584 1935 ipse),
2632 1850 2995 1917 Guuldaleu

661 1952 745 2035 pl.
787 1953 940 2019 locis
985 1954 1213 2039 (ipse),
1289 1975 1417 2038 par.
1487 1955 1745 2037 BeJeren
1811 1954 1887 2019 ad
1956 1954 2254 2020 Tullaaen
2323 1971 2393 2018 ac
2459 1953 2837 2020 Maalselven
2911 1955 2998 2020 ad

661 2056 983 2139 Traangen
1050 2060 1112 2121 et
1176 2057 1586 2122 Bardufossen
1652 2055 2052 2122 Nordlandiae
2125 2056 2442 2143 (Norm.),
2490 2056 2849 2143 Flojijeldet
2891 2079 2994 2143 pr.

661 2160 956 2225 Tromsoe
993 2161 1190 2245 (ipse)
1208 2212 1223 2240 ,
1245 2163 1650 2227 Mor-tensnaes
1674 2163 1736 2225 et
1757 2160 1982 2245 Aldjok
2005 2160 2376 2226 Finmarkiae
2409 2160 2724 2225 orientalis
2748 2162 2952 2247 (ipse)
2975 2186 2993 2237 ς

662 2262 725 2326 in
777 2262 1037 2328 Suecia:
1091 2284 1219 2348 par.
1269 2264 1653 2347 Bjorksatter
1699 2263 2113 2347 Ostrogothiae
2174 2264 2308 2349 (hb.
2360 2262 2638 2348 Stenh.),
2686 2265 2994 2329 Hasthol-

666 2385 806 2431 men
851 2366 1023 2431 lacus
1066 2367 1287 2451 Yngen
1311 2366 1752 2431 Wermlandiae
1778 2366 2405 2451 (J.G.Lagergren),
2463 2366 2712 2431 Nericia
2759 2367 2840 2450 pl.
2866 2367 2992 2432 loc.

664 2467 751 2553 (v.
800 2487 852 2533 c.
902 2467 1293 2536 Svennevad:
1350 2470 1629 2545 Blomb.,
1677 2488 1806 2553 par.
1855 2459 2087 2555 Odeby,
2131 2468 2488 2536 Askersund
2537 2472 2676 2534 cet:
2705 2469 2993 2556 Hellb.),

668 2572 1069 2657 Brannkyrka
1114 2594 1207 2657 pr.
1257 2573 1615 2639 Stockholm
1658 2573 1754 2658 (S.
1801 2575 2181 2660 Ahnquist),
2217 2572 2692 2655 Helsinglandia
2734 2573 2812 2638 ad
2836 2574 2990 2637 Taf-

664 2676 873 2757 vansjo
941 2695 1072 2759 par.
1142 2677 1349 2742 Farila
1414 2677 1508 2762 (J.
1557 2678 1632 2741 A.
1682 2678 1961 2763 Hartm.)
2029 2681 2092 2743 et
2158 2678 2410 2743 Bollnas
2457 2675 2550 2759 (S.
2599 2676 2992 2760 Almquist),

664 2776 1021 2844 Dalekarlia
1088 2780 1167 2844 ad
1234 2781 1405 2846 Boda
1470 2781 1574 2865 (P.
1625 2780 1699 2844 de
1745 2782 2000 2866 Laval),
2068 2780 2449 2846 Jemtlandia
2494 2781 2571 2844 ad
2616 2779 2860 2844 Handcl
2925 2782 2992 2843 et

665 2857 1015 2945 Rreskutan
1082 2881 1178 2966 (S.
1226 2884 1605 2969 Almquist),
1675 2885 1864 2970 Lapp.
1914 2887 2159 2951 LulenS.
2225 2886 2298 2950 ad
2357 2881 2642 2967 Snjarrak
2687 2883 2751 2945 et
2793 2880 2991 2945 Jock-

662 2983 843 3047 mock
890 2984 1282 3068 (Hellhom),
1350 2986 1541 3069 Lapp.
1612 2987 1904 3053 Tornens.
1955 2991 2019 3055 in
2064 3012 2194 3075 par.
2239 2987 2575 3054 Enontekis
2623 2983 2984 3069 (Norrlin);

661 3087 726 3151 in
774 3087 1025 3151 Fennia
1068 3087 1144 3152 ad
1190 3089 1515 3168 Asikkala,
1561 3090 1843 3167 Hollola,
1900 3093 2251 3167 Kuhmoin,
2298 3089 2622 3171 Padasjoki
2679 3092 2741 3153 et
2789 3089 2982 3153 Evois

664 3190 1117 3256 Tavastlandiae
1184 3191 1537 3277 (Norrlin),
1605 3194 1905 3259 Karttula
1971 3195 2053 3279 (S.
2101 3216 2159 3259 n.
2220 3191 2579 3257 ”Cladom'a
2643 3191 2988 3256 nmce'lenta

654 3292 946 3376 juvenilis
992 3293 1091 3378 [ut
1134 3294 1442 3380 videtur]”
1489 3296 1635 3381 Nyl.
1684 3297 1748 3360 in
1793 3297 1895 3361 hb.
1939 3297 2380 3381 mus.Fenn.),
2432 3294 2509 3360 ad
2555 3294 2992 3376 Dianovagora

665 3393 1037 3480 (Simming)
1104 3399 1167 3461 et
1233 3396 1547 3463 Solomina
1608 3399 1894 3485 (Kullh.)
1949 3400 2250 3476 Kareliae,
2296 3400 2363 3464 in
2406 3400 2724 3464 Kuusamo
2774 3397 2854 3461 ad
2897 3397 2988 3461 Ii-

663 3517 849 3664 }aara
892 3498 994 3582 (F.
1045 3498 1245 3585 Silen)
1307 3504 1371 3566 et
1420 3502 1498 3566 ad
1552 3502 1910 3568 Walivaara
1963 3523 2094 3588 par.
2139 3503 2372 3569 Kittila
2416 3500 2737 3586 (Norrlin)
2785 3501 2982 3582 Lapp.

730 3620 1011 3665 emensis.

801 3720 943 3791 Saepe
980 3722 1176 3776 sterilis
1212 3727 1269 3777 et
1303 3727 1417 3778 turn
1454 3729 1606 3781 caute
1665 3743 1699 3779 a
1750 3726 1827 3780 St.
1856 3727 2063 3794 pilento
2107 3727 2276 3779 sterili
2314 3722 2740 3798 distinguendus;
2779 3721 2992 3775 ultimis

663 3808 833 3862 tribus
870 3811 1123 3880 excepti8‚
1163 3826 1451 3880 synonyma
1486 3829 1642 3882 supra
1677 3813 1842 3866 allata
1878 3813 2007 3866 talia
2044 3813 2329 3882 specimina
2366 3812 2568 3867 sterilia
2593 3809 2895 3879 respiciunt.
2921 3841 2987 3848 -—-

665 3895 863 3950 Habitu
910 3901 966 3951 et
1012 3899 1400 3952 characteribus
1436 3916 1468 3952 a
1503 3900 1568 3952 P.
1608 3901 1820 3953 robusto
1856 3898 2134 3952 admodum
2191 3896 2412 3961 recedit,
2470 3897 2559 3950 sed
2615 3898 2699 3950 vix
2737 3895 2891 3950 dubie
2931 3895 2988 3949 in

662 3982 812 4036 illum
866 3986 1073 4039 transit.
1145 3986 1346 4040 Notatu
1384 3986 1602 4056 dignum
1640 3987 1865 4048 videtur,
1911 3985 2289 4046 characterem,
2328 3984 2395 4037 ad
2431 3983 2740 4038 divisionem
2777 3982 2990 4052 generis

664 4071 938 4126 Cladom'oe
982 4071 1329 4136 condendam,
1379 4074 1446 4127 ad
1490 4073 1692 4142 species
1734 4074 1874 4126 inter
1909 4072 2252 4125 Stereoeaula
2289 4069 2685 4149 distinguendas
2719 4069 2988 4122 sufficien-

662 4160 771 4210 tem
817 4158 1137 4228 bonumque,
1195 4162 1251 4214 in
1298 4162 1393 4215 hoc
1437 4177 1627 4232 genere
1666 4163 1774 4212 tam
1811 4159 1986 4227 exigui
2022 4175 2134 4212 esse
2172 4159 2443 4212 momenti.
2486 4185 2541 4197 ..,
2585 4157 2809 4211 Podetia
2847 4157 2987 4210 3—6

663 4261 789 4297 mm.
829 4246 948 4299 circ.
986 4246 1120 4309 alta,
1160 4263 1295 4300 nunc
1332 4247 1574 4317 gracilia,
1613 4262 1748 4299 nunc
1786 4245 1976 4299 valida.
2051 4245 2341 4316 Apothecia
2377 4245 2533 4298 diam.
2570 4245 2816 4308 0,6-1,3
2857 4261 2989 4298 mm.

664 4333 786 4385 circ.
826 4333 1129 4399 metientia3
1169 4349 1332 4403 sporae
1369 4333 1557 4402 prioris
1594 4333 1806 4386 similes,

801 4456 915 4511 obs.
986 4455 1047 4508 In
1085 4455 1215 4508 Aah.
1254 4453 1376 4523 Syn.
1414 4454 1451 4507 l.
1480 4470 1524 4507 c.
1563 4457 1752 4523 praeter
1787 4455 1923 4507 hunc
1959 4454 2026 4508 ad
2063 4453 2140 4506 St.
2178 4453 2495 4506 ccv-colinum
2531 4452 2761 4507 trahitur
2785 4454 2984 4507 Le'claen

673 4544 906 4598 Vulcani
937 4544 1075 4613 Bory
1112 4561 1152 4595 S.
1191 4541 1271 4595 St.
1309 4542 1637 4596 denudatum
1683 4547 1739 4611 β.
1801 4542 2032 4596 Vulcani
2087 4539 2208 4609 Nyl.
2246 4541 2366 4610 Syn.
2404 4557 2457 4611 p.
2497 4540 2627 4604 248,
2667 4539 2762 4594 Th.
2800 4539 2890 4594 Fr.
2929 4542 2984 4594 in
