3177 5011
1767 336 1893 403 570

893 511 951 573 7.
1044 513 1105 572 C.
1153 513 1627 590 (BIATORINA)
1672 515 2226 577 EHRHARTIANA
2269 517 2474 590 (Aah.)
2520 517 2627 577 Th.
2676 520 2776 579 Fr.

851 666 1072 732 Crusta
1134 667 1363 746 tenum,
1429 669 1648 746 effusa,
1712 668 2064 751 yranulata
2127 668 2226 733 vel
2279 670 2972 751 ruqoso—vermculosa
2992 719 3006 746 ,

678 772 1027 835 straminea
1069 770 1166 834 vel
1206 793 1238 836 e
1281 771 1504 855 qlauco
1549 772 1868 847 albinam,
1921 773 2376 853 spermoymziis
2419 774 2587 837 atris
2630 774 3011 854 corruyatis

680 876 932 956 maym's
985 874 1222 951 obsita;
1275 874 1595 958 apothecia
1650 875 1901 954 adnata,
1954 874 2139 957 plana
2181 875 2563 957 tenuiterque
2610 876 3007 958 marginata,

681 976 924 1042 demum
993 995 1257 1042 convexa
1320 978 1757 1061 immarginata
1776 1027 1790 1056 ,
1835 978 2251 1059 flavescentia
2301 977 2400 1043 vel
2436 978 2688 1060 pallide
2732 999 3005 1043 carneo·

681 1079 1046 1144 latescentia
1055 1099 1078 1157 ,·
1124 1098 1318 1163 sporae
1363 1080 1634 1145 minutae.

823 1214 964 1285 Syn.
1035 1214 1234 1270 Lichen
1276 1215 1683 1271 Ekrhartt'anue
1726 1216 1855 1270 Ach.
1894 1216 2074 1270 Prodr.
2113 1218 2297 1283 (1794)
2333 1237 2383 1290 p.
2422 1217 2490 1272 39
2527 1221 2583 1273 et
2617 1218 2727 1272 tab.
2766 1219 2819 1270 2.
2863 1217 2903 1271 f.
2943 1218 3002 1279 1,

680 1300 870 1371 Wnbg.
926 1301 1072 1357 Suec.
1129 1320 1177 1373 p.
1235 1302 1353 1357 832.
1406 1331 1470 1341 —
1516 1303 1744 1358 Lecidea
1779 1302 1907 1357 Ach.
1942 1303 2109 1357 Meth.
2146 1321 2196 1374 p.
2235 1305 2301 1358 73
2339 1306 2489 1371 (excl.
2527 1306 2844 1375 spermog.)‚
2885 1304 3004 1359 Vct.

681 1388 776 1441 Ak.
831 1387 1024 1442 Handl.
1077 1389 1213 1442 1808
1250 1406 1298 1460 p.
1340 1390 1469 1453 265,
1517 1389 1671 1444 Univ.
1708 1407 1761 1460 p.
1800 1389 1902 1442 191
1939 1391 1996 1444 et
2029 1389 2148 1460 Syn.
2185 1407 2233 1461 p.
2269 1392 2337 1444 47
2378 1400 2476 1457 (m,
2513 1392 2640 1448 excl.
2677 1393 3004 1463 spermog.),

682 1475 802 1544 Nyl.
830 1474 1012 1529 Scand.
1050 1493 1102 1547 p.
1131 1476 1248 1529 195.
1279 1505 1339 1517 -—
1365 1477 1643 1532 Par-melia
1669 1476 1994 1545 (Lecanoea)
2018 1476 2199 1531 Sched.
2228 1479 2345 1531 crit.
2369 1478 2446 1532 IX
2481 1497 2531 1550 p.
2558 1481 2639 1532 28.
2671 1511 2737 1519 —
2764 1480 3009 1533 Biatora

681 1561 838 1616 Korb.
875 1562 1012 1631 Syst.
1049 1579 1099 1633 p.
1137 1563 1258 1617 205.

818 1650 1044 1704 Lecidea
1077 1656 1363 1721 commata
1400 1651 1527 1705 Ach.
1564 1649 1684 1719 Syn.
1721 1667 1770 1720 p.
1808 1647 1892 1700 18.
1931 1677 1996 1689 --
2032 1646 2304 1702 Βὴηόονία
2339 1648 2465 1703 Ach.
2505 1650 2625 1705 Vct.
2664 1649 2767 1704 Ak.
2802 1650 3003 1704 Hamil.

682 1736 820 1789 1815
871 1755 918 1807 p.
976 1735 1080 1789 259
1124 1743 1181 1791 et
1218 1741 1258 1791 t.
1298 1739 1332 1792 6
1367 1737 1404 1791 f.
1441 1740 1502 1800 5,
1540 1737 1676 1789 1817
1714 1752 1764 1804 p.
1801 1734 1917 1787 238.
1956 1765 2021 1774 —
2058 1733 2336 1804 Rhymma
2372 1736 2458 1792 Fr.
2495 1736 2634 1808 Syst.
2672 1738 2816 1808 Myc.
2862 1738 2920 1792 n
2955 1756 3003 1808 p,

680 1823 802 1875 565.
834 1852 894 1862 —-
922 1821 1260 1877 Gliostomum
1295 1822 1381 1878 Fr.
1417 1823 1480 1876 L.
1518 1823 1579 1877 E.
1619 1841 1669 1894 p.
1706 1823 1825 1875 455.
1886 1820 2100 1889 (Omnia
2133 1822 2242 1876 haec
2278 1822 2566 1894 synbnyma
2598 1825 3004 1896 spermogonia,

669 1899 856 1964 ‘crusta
889 1909 1232 1965 adnumerata
1266 1908 1351 1965 vel
1386 1909 1656 1981 neglecta,
1691 1911 1973 1980 spectant).

818 1996 1092 2051 Parmelia
1125 1997 1283 2052 varia
1319 1997 1367 2060 ζ.
1394 1997 1700 2067 parasitica
1733 1995 1818 2050 Fr.
1857 1994 1917 2049 L.
1958 1995 2016 2050 E.
2057 2012 2107 2065 p.
2143 1994 2247 2047 159
2282 1996 2417 2064 (sola
2450 1995 2773 2067 apothecia).

819 2098 953 2153 Exs.
989 2104 1048 2156 et
1080 2099 1220 2172 Fig.
1292 2100 1353 2155 L.
1393 2099 1478 2154 Su.
1516 2102 1635 2154 253.
1675 2129 1741 2139 --
1778 2097 1957 2152 Stenh.
1996 2098 2115 2151 134.
2165 2124 2223 2136 -
2261 2096 2344 2151 Fl.
2382 2098 2445 2151 D.
2482 2097 2660 2169 Suppl.
2699 2099 2783 2151 59.
2828 2102 2882 2152 2.

607 2318 618 2323 ‚
848 2238 945 2304 Ad
1011 2240 1269 2304 cortices
1332 2240 1610 2305 vetustos
1675 2236 1978 2340 Quercus,
2045 2234 2226 2300 'riliae
2280 2238 2395 2301 cet.
2453 2239 2635 2320 atque
2696 2237 2777 2303 ad
2822 2238 3003 2322 ligna

676 2344 848 2409 varia
906 2342 1066 2407 nuda
1130 2361 1238 2426 per
1298 2341 1578 2425 regiones
1639 2341 1877 2408 Sueciae
1919 2339 2351 2406 meridionales
2394 2357 2586 2422 usque
2629 2339 2706 2403 ad
2754 2339 2998 2423 Uplan-

678 2446 844 2512 diam
909 2447 1253 2531 (quousque
1307 2444 1702 2529 progreditur
1756 2441 2057 2527 Quercus)
2102 2443 2332 2527 passim
2376 2442 2619 2509 videtur
2664 2441 2998 2527 frequens,

675 2550 835 2616 latas
880 2569 1037 2633 saepe
1080 2551 1296 2633 tegens
1340 2548 1574 2633 plagas.
1669 2546 2158 2632 Septentrionem
2201 2564 2413 2612 versus
2458 2546 2743 2621 rarescit,
2794 2565 2997 2630 neque

682 2654 1017 2738 specimina
1059 2652 1326 2718 vidimus
1371 2651 1489 2717 nisi
1535 2670 1608 2716 ex
1651 2649 2213 2734 Angermanlandia
2251 2651 2342 2729 (in
2371 2648 2693 2717 Abietibus
2730 2651 2999 2714 vetustis

675 2755 738 2820 in
784 2756 1035 2820 Hemon
1089 2759 1153 2821 et
1204 2756 1508 2820 Hemson:
1580 2752 1642 2818 S.
1700 2752 2079 2836 Almqvist),
2145 2752 2526 2819 Jemtlandia
2580 2751 2883 2832 (Offerdal
2930 2755 2995 2819 in

674 2859 1070 2942 Hallberget:
1127 2858 1358 2943 idem),
1416 2856 1730 2943 Lapponia
1786 2855 2037 2920 Lulensi
2082 2854 2403 2940 (Snjarrak
2449 2855 2527 2921 ad
2570 2855 2843 2921 ramulos
2892 2857 2990 2940 pi-

673 2980 847 3027 neos:
892 2962 963 3027 P.
1009 2959 1071 3028 J.
1119 2960 1463 3044 Hellbom).
1554 2960 1624 3024 In
1673 2956 1925 3024 Fennia
1970 2951 2215 3024 inventa
2257 2957 2321 3022 in
2365 2957 2629 3023 Alaudia
2678 2958 2811 3038 (ubi
2858 2957 2988 3024 fre-

673 3083 891 3148 quens:
960 3062 1030 3127 Ε.
1099 3063 1313 3148 Nyl.),
1376 3063 1455 3128 ad
1521 3063 1754 3128 Aboam
1825 3061 1888 3126 et
1941 3081 2032 3146 pr.
2096 3059 2301 3126 Eknas
2361 3061 2463 3145 (P.
2521 3061 2594 3125 A.
2651 3060 2986 3144 Karsten),

672 3166 974 3252 Loimjoki
1030 3165 1397 3233 Satakundae
1453 3165 1553 3242 (A.
1602 3163 1666 3229 J.
1711 3164 2127 3250 Malmgren),
2179 3163 2476 3229 Mustiala
2528 3164 2987 3229 Tavastlandiae

669 3268 770 3349 (A.
817 3267 1166 3354 Kullhem).

810 3401 1000 3457 Crusta
1034 3403 1299 3458 interdum
1347 3402 1607 3471 obsoleta,
1658 3393 1707 3460 K
1743 3418 1845 3458 non
1882 3405 2052 3458 tincta
2086 3420 2134 3457 v.
2160 3400 2326 3457 dilute
2364 3400 2649 3467 lutescens;
2687 3387 2762 3456 Ca
2780 3389 2845 3456 (31
2884 3418 2985 3456 non

672 3493 888 3545 mutata.
958 3488 1162 3561 Hyphae
1205 3506 1307 3544 non
1344 3491 1665 3561 amyloideae.
1738 3491 2030 3563 Apothecia
2065 3492 2257 3558 O‚5—1
2293 3505 2415 3544 mm.
2454 3487 2589 3553 lata;
2628 3506 2810 3560 margo
2846 3507 2982 3561 saepe

667 3576 946 3641 flexuosae,
1009 3576 1393 3633 obtusiusculus
1408 3617 1420 3640 ,
1479 3579 1725 3648 pallidior
1784 3595 1832 3632 v.
1894 3577 2242 3632 subconcolor.
2333 3575 2641 3645 Excipulum
2700 3576 2980 3634 lutescenS.

667 3664 1052 3735 Hypothecinm
1106 3664 1466 3719 incoloratum.
1538 3665 1869 3736 Pau-aphyses
1915 3665 2058 3719 arcte
2104 3667 2360 3729 connatae,
2408 3662 2733 3725 incoloratae,
2772 3665 2982 3735 epithe-

666 3752 747 3806 cio
783 3750 925 3805 luteo
961 3751 1237 3822 granuloso
1271 3753 1450 3816 tectoe3
1500 3768 1614 3821 quae
1657 3752 1877 3823 granula
1912 3736 1963 3804 K
1997 3749 2365 3804 dissolvuntur.
2440 3749 2564 3803 Asci
2610 3755 2835 3821 anguste
2870 3752 2980 3806 cla-

666 3837 790 3891 vati.
864 3835 1037 3908 Sporae
1089 3837 1324 3909 oblongae
1339 3879 1352 3902 ,
1408 3838 1621 3893 lineari·
1675 3855 1725 3892 v.
1781 3833 2325 3905 susiformi·oblongae,
2375 3836 2606 3891 tenuiter
2640 3840 2979 3908 uniseptatae.

663 3926 952 3986 Ο,007-11
1016 3940 1137 3978 mm.
1193 3926 1361 3996 longae
1416 3929 1473 3981 et
1515 3927 1845 3991 0,0025—35
1896 3938 2020 3977 mm.
2063 3938 2261 3977 crassae.
2332 3921 2466 3977 Jodo
2502 3922 2817 3987 caerulescit,
2854 3923 2979 3978 dein

664 4009 873 4065 sordide
897 4010 1505 4076 violaceo-decoloratum
1544 3999 1594 4066 K
1638 4028 1741 4066 non
1795 4010 2021 4081 tingitur
2069 4008 2152 4076 (cl.
2198 4007 2462 4078 Leighton
2508 4007 2664 4061 dicit:
2713 4008 2790 4063 ”K
2826 4013 2980 4064 turns

662 4096 941 4167 apothecis
989 4095 1250 4160 reddish”‚
1307 4098 1444 4167 quod
1489 4099 1591 4169 ipsi
1636 4115 1737 4153 non
1782 4096 2059 4162 vidimus),
2116 4094 2235 4166 ΝΟ6
2272 4111 2375 4148 non
2411 4098 2660 4149 mutatur.
2733 4096 2976 4166 Spermo-

661 4185 818 4256 gonia
853 4199 1043 4253 magna
1078 4189 1262 4253 (usque
1297 4184 1364 4239 ad
1400 4185 1486 4248 0,8
1524 4202 1649 4240 mm.
1690 4186 1846 4254 lata),
1886 4181 2258 4254 superficialia,
2298 4185 2600 4252 corrugata,
2645 4179 2786 4247 atra3
2827 4201 2975 4253 spet-

660 4272 826 4326 matia
860 4269 1113 4340 oblonga,
1149 4270 1267 4325 circ.
1306 4272 1568 4333 0,002—3
1611 4288 1731 4326 mm.
1769 4272 1926 4342 longa
1960 4273 2015 4325 et
2050 4271 2201 4334 0,001
2245 4286 2367 4323 mm.
2404 4285 2590 4323 crassa.
2654 4269 2979 4339 Sterigmata

660 4358 946 4429 simplicia,
985 4356 1267 4411 filamentis
1303 4360 1815 4414 anastomosantibus
1851 4357 2119 4412 immixtis
2170 4355 2610 4427 conceptaculum
2638 4343 2685 4409 Κ
2709 4356 2975 4414 violnscit.

798 4460 910 4516 obs.
979 4460 1252 4517 Emboria
1285 4469 1572 4533 commata
1608 4467 1660 4532 β.
1699 4463 1860 4517 alnea
1895 4466 1951 4517 et
1984 4484 2030 4533 y.
2068 4463 2320 4531 quercina
2353 4462 2481 4516 Ach.
2508 4460 2627 4515 Vet.
2654 4460 2750 4514 Ak.
2776 4460 2972 4519 Handl.

657 4548 795 4604 1815
831 4564 879 4619 p.
919 4548 1022 4602 259
1054 4549 1168 4604 loco
1193 4549 1466 4605 habitandi
1489 4553 1699 4605 tantum
1725 4549 1974 4603 differunt
1998 4548 2064 4603 ab
2090 4551 2234 4606 illius
2260 4571 2309 4603 α.
2325 4590 2338 4614 ,
2366 4549 2511 4620 ligna
2529 4547 2670 4603 nuda
2692 4548 2975 4606 incolente.
