3177 5011
1753 264 1879 328 436

814 416 1011 473 Lichen
1044 418 1452 487 sanfflaineoatcr
1486 416 1647 470 Wulf.
1686 418 1739 471 in
1777 418 1925 489 Jacq.
1965 419 2094 474 Coll.
2130 419 2214 474 III
2251 419 2440 484 (1789)
2478 439 2527 490 p.
2568 422 2709 476 117?
2751 455 2809 464 -
2852 423 2987 476 Bia·

668 510 789 561 iora
811 505 1001 558 Lonnr.
1041 505 1159 560 Vct.
1197 505 1292 557 Ak.
1330 503 1485 557 Foth.
1525 504 1661 557 1857
1698 523 1747 575 p.
1786 509 1833 558 5.
1873 539 1937 548 -—
1974 508 2199 562 Leo-idea
2236 508 2359 578 Nyl.
2398 507 2559 579 Lapp.
2598 526 2672 563 or.
2712 528 2761 579 p.
2801 512 2915 563 143.

811 593 1045 647 Biatora
1079 591 1428 659 cartilaginea
1463 591 1657 644 Lunnr.
1698 593 1853 647 Flora
1890 595 2027 647 1858
2063 613 2111 665 p.
2150 597 2269 650 615.

805 681 1039 735 Biatora
1062 680 1230 747 fusca
1266 678 1363 732 Th.
1401 678 1489 731 Fr.
1526 679 1668 733 Aret.
1704 698 1754 750 p.
1794 681 1911 734 195.

807 767 943 821 En.
1017 765 1077 820 L.
1116 767 1202 819 Su.
1240 767 1343 819 223
1379 770 1450 835 (p.
1487 771 1579 836 p.).

841 927 900 1007 β.
959 922 1353 991 atroffisoa
1418 923 1612 1006 (Fw.)
1676 922 1790 988 Th.
1854 925 1986 989 Fu:
2056 925 2373 1009 apothecia
2440 926 2829 1006 niyricantia
2891 924 2988 988 vel

668 1028 928 1094 obscure
954 1027 1373 1110 fusconiyra‚
1420 1027 1661 1090 diutius
1698 1027 1909 1109 plana
1928 1078 1941 1104 ,
1988 1032 2226 1110 Scopius
2275 1029 2660 1109 maryinata.

811 1151 952 1215 Syn.
1025 1145 1258 1199 Biatora
1305 1144 1584 1212 atrofusca
1630 1147 1738 1201 Fw.
1788 1149 1843 1201 in
1895 1148 2045 1220 Hepp
2082 1165 2185 1202 exs.
2223 1149 2411 1216 (1857)
2448 1164 2496 1200 n.
2534 1147 2652 1200 268.
2691 1174 2757 1184 —
2792 1146 2985 1200 Biato-

667 1235 794 1290 rina
827 1233 1019 1287 Lonnr.
1056 1231 1174 1285 Vet.
1213 1229 1309 1282 Ak.
1344 1230 1503 1284 Foth.
1545 1232 1684 1286 1858
1720 1251 1768 1303 p.
1810 1235 1926 1287 275.

807 1319 1036 1375 Lecidca
1069 1319 1486 1387 sanquineoatra
1521 1319 1733 1388 *fusca
1768 1319 1887 1389 Nyl.
1927 1319 2089 1392 Lapp.
2129 1338 2200 1374 or.
2239 1339 2288 1391 p.
2329 1319 2446 1371 143.

842 1427 937 1492 Ad
997 1441 1242 1489 muscos
1302 1425 1607 1500 vetust08‚
1668 1427 1944 1491 ramenta
1990 1431 2142 1505 cet.‚
2189 1427 2388 1492 rarius
2433 1424 2508 1489 ad
2554 1422 2725 1504 ligna
2769 1422 2982 1504 putre-

675 1530 928 1606 scentia,
975 1528 1101 1593 late
1150 1526 1480 1591 distributa
1524 1526 1696 1610 viget
1741 1528 1939 1593 forma
1982 1549 2075 1598 a.:
2125 1549 2242 1594 non
2274 1528 2391 1592 nisi
2424 1525 2676 1590 fortuito
2709 1524 2785 1587 ad
2817 1542 2982 1587 saxa.

669 1636 741 1700 In
787 1632 1016 1698 Dania
1058 1631 1301 1693 tantum
1346 1629 1423 1693 ad
1467 1629 1867 1714 Jaegerspris‘
1893 1630 1985 1716 (J.
2035 1632 2276 1715 Lange)
2322 1633 2385 1694 et
2432 1628 2508 1693 ad
2551 1626 2802 1692 Ferslev
2847 1624 2988 1710 Jyl-

674 1737 896 1803 landiae
942 1733 1035 1819 (J.
1083 1733 1159 1796 D.
1205 1732 1476 1817 Branth)
1521 1735 1617 1798 est
1661 1735 2011 1810 observata3
2058 1736 2120 1799 in
2171 1733 2394 1800 Suecia
2442 1751 2615 1808 vere,
2667 1729 2994 1810 Norveyia

674 1842 738 1904 et
791 1837 1045 1903 Fenm'a
1110 1835 1342 1918 passim
1405 1840 1501 1901 est
1556 1837 1719 1902 lecta
1763 1839 1825 1903 in
1871 1838 2202 1923 provinciis
2247 1835 2425 1900 facile
2472 1833 2753 1898 omnibus
2798 1852 2993 1916 usque

674 1943 737 2007 in
791 1936 1154 2004 Finmarkia
1221 1939 1653 2023 Lapponiaque
1716 1942 1987 2006 Rossica.
2047 1979 2122 1989 —
2182 1942 2329 2005 Var.
2386 1942 2444 2021 β.
2503 1937 2806 2021 praecipue
2852 1956 2991 2000 mu-

674 2064 810 2110 scos
878 2042 1196 2126 regionum
1275 2042 1686 2107 calcarearum
1754 2044 1998 2121 incolit,
2067 2045 2192 2109 suis
2258 2043 2410 2107 locis
2476 2040 2743 2124 copiosa,
2791 2058 2989 2122 neque

673 2150 737 2215 in
783 2146 922 2213 aliis
972 2143 1326 2227 regionibus
1371 2146 1617 2209 omnino
1663 2145 1850 2211 deest.
1922 2148 2125 2212 Nimis
2170 2146 2443 2230 vulgaris
2489 2147 2612 2218 est,
2660 2163 2841 2228 quam
2878 2162 2987 2207 cu-

664 2254 767 2338 jus
811 2248 1103 2334 specialia
1146 2246 1281 2312 loca
1327 2248 1556 2313 natalia
1600 2250 1949 2315 afferantur.

813 2368 959 2423 Inter
998 2387 1046 2419 α.
1087 2367 1143 2421 et
1177 2372 1228 2436 β.
1268 2367 1399 2422 nulli
1435 2368 1629 2422 adsunt
1678 2369 1901 2433 limitet-³,
1953 2371 2056 2425 etsi
2093 2369 2270 2424 formae
2306 2373 2546 2424 extremae
2583 2370 2714 2424 satis
2751 2368 2986 2424 diversae.

675 2457 866 2513 Crusta
919 2455 1204 2524 reagentiis
1259 2454 1432 2509 solitis
1477 2456 1703 2512 colorem
1746 2457 2016 2512 insolitum
2055 2474 2157 2513 non
2194 2457 2412 2528 a'ccipit3
2452 2455 2811 2528 leptogonidia.
2846 2455 2988 2511 haud

675 2561 806 2599 rara.
879 2541 1172 2613 Apothecia
1222 2544 1468 2611 O,5—1,5
1525 2561 1647 2598 mm.
1702 2545 1840 2612 lata,
1896 2545 2063 2599 rarius
2115 2543 2625 2614 botryoso·conferta
2670 2545 2990 2613 minutaque.

674 2629 985 2701 Excipulum
1019 2645 1274 2692 crassum,
1312 2628 1533 2683 dilutius
1572 2648 1619 2684 v.
1657 2632 1924 2685 obscurius
1961 2630 2180 2684 fuscum.
2243 2630 2630 2701 Hypothecium
2665 2631 2784 2701 plus
2819 2633 2991 2685 minus

674 2718 889 2773 obscure
941 2715 1145 2770 fuscum
1194 2731 1247 2768 V.
1298 2716 1780 2772 luteo-fuscescens.
1853 2717 2180 2787 Paraphyses
2233 2717 2434 2786 apicem
2491 2733 2670 2773 versus
2725 2717 2892 2772 dilute
2939 2735 2989 2773 v.

677 2805 946 2861 obscurius
998 2803 1315 2857 lutescentes
1369 2802 1801 2859 fuscescentesve.
1876 2804 1999 2857 Asci
2056 2803 2265 2857 clavati.
2342 2806 2514 2872 Sporae
2561 2804 2822 2874 oblongae,
2858 2803 2991 2858 fusi·

675 2890 1093 2959 sormi-oblongae
1136 2906 1183 2944 v.
1236 2890 1403 2944 rarius
1451 2890 1892 2961 subellipsoideae,
1930 2892 2226 2953 0,010—16
2265 2906 2389 2944 mm.
2435 2889 2602 2962 longae
2638 2896 2694 2946 et
2724 2893 2989 2955 0‚004-—6
3092 2911 3117 2924 -

675 2995 799 3034 mm.
835 2978 971 3032 latae.
1044 2975 1178 3031 Jodo
1231 2976 1388 3048 vulgo
1439 2977 1681 3033 dzsaencte
1731 2980 2029 3047 &tren-seque
2072 2979 2247 3033 cirrose
2280 2977 2453 3040 nabet,
2502 2979 2596 3033 sed
2628 2979 2791 3033 etiam
2827 2979 2988 3034 inter—

676 3066 800 3121 dum
853 3063 1081 3135 primum
1135 3062 1327 3133 diuque
1376 3064 1707 3145 caernlescit.
1741 3065 1860 3119 dein
1911 3064 2117 3119 sordide
2161 3065 2848 3131 violascenti-decoloratur;
2887 3085 2993 3137 qua

674 3155 879 3209 ratione
915 3151 1184 3206 evidentes
1216 3151 1471 3205 transitus
1507 3152 1624 3207 visi.
1684 3152 1733 3206 K
1770 3153 1855 3208 vel
1889 3152 2009 3224 ΝΟει
2046 3152 2384 3223 insigniorem
2420 3153 2606 3207 coloris
2643 3155 2990 3208 mutationem

674 3257 776 3297 non
814 3241 1113 3312 provocant.

816 3344 929 3399 obs.
972 3343 1017 3397 l.
1089 3342 1304 3396 Summa
1339 3340 1633 3395 attentione
1670 3340 1832 3410 digna
1868 3343 1991 3394 sunt
2021 3340 2261 3410 yranula
2296 3341 2682 3396 caerulescentnzz
2714 3342 2800 3396 vel
2826 3342 2995 3396 viom-

672 3432 873 3488 8centia
924 3429 1303 3501 pamphysibus
1349 3428 1612 3490 immixta,
1660 3444 1773 3497 quae
1816 3426 1945 3481 adeo
1983 3427 2282 3497 frequenter
2317 3429 2676 3492 inveniuntur,
2715 3434 2777 3483 ut
2811 3434 2993 3485 notam

675 3519 783 3573 fere
830 3517 1307 3571 characteristicum
1352 3514 1636 3585 praebeant.
1723 3513 1912 3579 Qualia
1947 3515 2001 3567 in
2038 3514 2182 3568 nullo
2218 3515 2321 3568 alio
2358 3515 2561 3570 lichene
2598 3520 2688 3583 (ne
2723 3517 2776 3570 in
2814 3517 2993 3572 affini-

675 3607 774 3661 bus
810 3604 1020 3674 quidem
1056 3603 1122 3657 L.
1161 3604 1556 3669 Berenyeriana
1606 3605 1662 3656 et
1709 3602 2171 3669 albofuscescente)
2209 3601 2450 3656 vidimus.
2520 3601 2816 3668 Interdum,
2857 3622 2991 3674 prae·

677 3695 826 3764 cipue
880 3693 936 3747 in
989 3689 1281 3761 apotheciis
1325 3689 1708 3759 nigricantibus
1726 3730 1738 3753 ,
1793 3688 2220 3771 numerosissima
2271 3692 2422 3751 sunt,
2469 3688 2732 3745 interdum
2782 3692 2994 3762 paucis-

678 3781 835 3843 sima,
891 3795 1006 3832 raro
1048 3777 1258 3831 omnino
1317 3774 1631 3830 deficientia.
1711 3775 1965 3829 Adhibito
2008 3776 2058 3829 K
2095 3775 2479 3839 dissolvuntur,
2526 3775 2645 3848 NO⁸
2683 3778 2993 3848 persistunt.

815 3881 928 3936 ors.
965 3880 1015 3934 2.
1087 3879 1342 3949 Insigni8‚
1389 3880 1491 3934 etsi
1548 3878 1882 3950 potissimum
1927 3878 2189 3933 abnormis
2238 3879 2404 3933 forma
2451 3882 2534 3934 est
2567 3879 2636 3935 L.
2672 3883 2993 3951 sanguineo-

676 3976 804 4026 atra
856 3968 890 4001 ⁴*
908 3968 1110 4023 tristim-
1155 3965 1273 4034 Nyl.
1327 3965 1489 4037 Lapp.
1545 3983 1617 4020 or.
1667 3983 1716 4036 p.
1766 3966 1894 4029 143,
1942 3983 1975 4020 a
2013 3982 2115 4036 qua
2153 3965 2476 4036 distinguere
2514 3982 2615 4021 non
2651 3967 2885 4022 valemus
2919 3968 2990 4022 L.

677 4058 938 4128 *fuscam
971 4056 1017 4124 f.
1053 4052 1561 4107 subcaerulescentem
1608 4052 1728 4123 Nyl.
1774 4052 1896 4107 Not.
1943 4052 2126 4107 Stillsk.
2172 4053 2318 4124 psF.
2355 4058 2412 4109 et
2446 4053 2527 4107 Fl.
2564 4052 2624 4107 F.
2661 4052 2816 4107 Forh.
2855 4054 2992 4109 XIII

676 4162 726 4216 p.
765 4144 868 4197 334
916 4141 1043 4207 (nisi
1085 4139 1246 4210 gelat.
1285 4139 1425 4209 hym.
1465 4139 1591 4208 jodo
1638 4139 1894 4194 intensius
1931 4141 2323 4205 caerulescente,
2373 4140 2583 4195 demum
2621 4140 2826 4196 sordide
2864 4142 2991 4195 sub-

675 4227 1257 4289 violaceodecolorata,
1295 4243 1390 4281 nec
1425 4224 1533 4281 fere
1570 4244 1689 4281 mox
1724 4228 1902 4284 vinoso
1939 4228 2195 4294 rubente).
2277 4228 2325 4281 A
2362 4232 2442 4298 β.,
2479 4243 2698 4297 quacum
2736 4230 2995 4296 praeterea

677 4317 942 4386 congruit,
980 4314 1157 4370 differt
1189 4313 1495 4383 hypothecii
1530 4313 2040 4369 luteo-fuscescentis
2075 4331 2123 4369 v.
2160 4313 2501 4368 fuscescentis
2536 4320 2685 4385 parte
2722 4316 2995 4383 superiore

676 4405 733 4457 et
768 4402 931 4456 thecii
966 4403 1116 4471 parte
1151 4400 1395 4455 inferiore
1431 4400 1547 4470 plus
1583 4402 1756 4455 minus
1792 4401 2006 4456 obscure
2043 4399 2685 4469 violaceo-myricarum.
2760 4398 2861 4465 Qui
2899 4418 2993 4456 co·

674 4488 755 4546 lor
790 4504 925 4544 nunc
958 4487 1120 4543 altius
1153 4488 1208 4544 in
1243 4487 1624 4561 paraphysibus
1659 4486 1960 4554 adscendit,
2004 4503 2141 4543 nunc
2176 4488 2380 4560 partem
2416 4486 2570 4542 modo
2605 4486 2837 4542 infimam
2876 4488 2993 4544 tin-
