3177 5011
1253 356 1319 404 m

131 490 485 557 varietates.
582 487 840 558 Harum
903 491 1326 560 admiratores
1377 515 1456 560 ne
1506 495 1703 560 nimis
1761 492 2150 576 offendamus
2164 538 2180 571 ‚
2246 490 2444 577 ins-iq-

136 595 352 659 niores
377 594 639 679 formas
669 597 906 678 paucis
949 597 1155 661 verbis
1199 597 1512 681 obiterque
1554 596 2024 679 descripsimus,

311 714 391 780 In
454 715 793 782 lichenibus
858 716 1280 783 describendis
1346 739 1537 801 quum
1590 740 1810 785 sumus
1854 718 2116 796 versati,
2166 717 2449 782 animum

136 818 459 901 diligenter
512 820 895 885 attendimus
954 824 1023 885 in
1065 826 1249 886 notas
1292 821 1446 885 illas
1489 821 1794 886 chemicas
1809 869 1823 898 ‚
1869 840 2008 905 quoe
2052 840 2251 902 nuper
2295 823 2443 883 sunt

136 923 203 986 in
248 921 746 1004 Isicbenoloqiam
788 923 987 988 denuo
1029 924 1415 989 introductio.
1516 924 1700 1005 Quod
1720 923 2067 1006 facientes,
2111 924 2185 988 de
2215 941 2442 1004 mayno

134 1022 383 1089 illorum
410 1027 623 1108 pretio
676 1028 929 1092 minime
952 1026 1211 1109 fuimus
1249 1027 1511 1093 convicti
1518 1046 1540 1104 ;
1581 1048 1661 1091 ne
1701 1027 1770 1090 in
1812 1026 2000 1090 verba
2032 1026 2266 1109 jurare
2310 1045 2444 1090 ma-

130 1129 323 1209 yistri
380 1133 541 1194 esset
608 1150 883 1204 necesse,
926 1132 1222 1212 propriis
1278 1150 1436 1213 opus
1462 1129 1606 1215 fuit
1649 1129 2182 1195 observationibus
2228 1127 2444 1194 multis

136 1232 509 1315 iteratisqme.
613 1229 692 1298 Ut
732 1253 764 1297 e
806 1233 1201 1316 sequentibus
1243 1232 1464 1311 elucet,
1513 1233 1601 1297 ad
1640 1253 1778 1298 eum
1792 1233 1988 1317 finem
2004 1232 2410 1314 pervenimus
2426 1280 2441 1309 ,

133 1338 201 1397 ut
244 1355 431 1417 neque
472 1336 639 1400 inter
680 1335 911 1401 harum
951 1340 1244 1401 notarum
1288 1336 1739 1416 admiratores,
1782 1335 2077 1401 laudibus
2107 1335 2193 1400 ad
2224 1334 2444 1399 coelum

136 1456 245 1501 eas
270 1438 412 1521 sere
457 1438 769 1517 tollentes,
825 1459 1021 1522 neque
1063 1440 1225 1504 inter
1269 1439 1706 1505 detrectatores
1726 1489 1741 1517 ‚
1800 1439 1936 1504 illis
1981 1440 2259 1521 pretium
2286 1438 2438 1521 sere

135 1560 306 1605 omne
352 1541 749 1623 deneyantes,
807 1541 1068 1606 velimus
1119 1544 1465 1607 numerari.
1580 1539 1658 1608 Ut
1712 1563 1921 1609 omnes
1985 1546 2199 1606 ceteroe
2243 1544 2403 1605 ποίεε
2422 1588 2437 1619 ,

135 1643 228 1705 ita
271 1645 451 1708 etiam
492 1643 776 1709 chemicce
820 1649 953 1709 tum
994 1649 1141 1709 sunt
1186 1645 1359 1709 bonae
1405 1644 1726 1722 habendae,
1772 1666 1962 1729 quum
2007 1644 2268 1710 stabiles
2298 1666 2440 1710 con-

142 1749 487 1828 stantesque
531 1747 969 1825 inveniuntur‚·
998 1766 1290 1830 persaepe
1333 1753 1540 1813 autem
1566 1749 1917 1814 invenimus
1949 1742 2103 1813 illas
2133 1747 2441 1813 vacillan-

139 1850 223 1910 tes
269 1852 321 1911 et
359 1847 558 1913 oculis
601 1852 710 1915 vix
741 1850 1216 1932 percipiendas,
1272 1870 1411 1935 quoe
1470 1850 1550 1915 ab
1596 1850 1750 1916 aliis
1794 1853 2153 1919 auctoribus
2196 1853 2444 1935 optimae

135 1947 740 2035 distinctissimaeque
769 1952 1230 2034 praedicantur.

297 2067 396 2135 De
437 2072 680 2154 reyulis
695 2120 710 2150 ‚
768 2074 1105 2139 secundum
1157 2093 1318 2156 quas
1362 2072 1687 2156 afferenda
1730 2078 1876 2138 sunt
1917 2076 2176 2139 nomina
2227 2079 2439 2141 auoto-

139 2191 299 2249 rum,
352 2173 733 2240 dissentiunt
776 2176 1064 2241 botanici.
1155 2173 1312 2241 Illis
1357 2178 1740 2241 assentimur
1756 2225 1772 2253 ‚
1824 2179 1936 2260 qui
1978 2182 2225 2242 censent
2241 2226 2256 2255 ‚
2302 2198 2441 2243 eum

143 2293 369 2357 semper
411 2280 1013 2344 commemorandum
1056 2299 1192 2345 esse
1233 2281 1441 2344 virum
1457 2328 1472 2357 ‚
1519 2280 1631 2362 qui
1658 2281 1919 2361 primus
1960 2281 2440 2365 unumquodque

139 2376 358 2443 dederit
419 2401 676 2459 nomem
741 2384 845 2446 cui
905 2385 1146 2448 nom-ini
1207 2383 1269 2446 si
1332 2381 1470 2446 alia
1531 2403 1698 2447 nunc
1763 2383 2063 2447 tribuitur
2119 2384 2435 2466 diynz‘tas‚

132 2483 320 2560 primi
360 2486 640 2550 auctoris
684 2507 904 2552 nomen
920 2485 1294 2569 parenthesi
1320 2484 1685 2550 includatur
1716 2484 2099 2570 alteriusque
2134 2485 2435 2567 addatur,

142 2583 304 2650 illias
354 2587 488 2652 dico
508 2636 524 2666 ,
578 2590 689 2672 qui
742 2611 867 2654 non
909 2589 1115 2655 solum
1155 2589 1413 2653 nomina
1454 2588 1633 2652 modo
1679 2609 1722 2652 a
1762 2590 1942 2654 nobis
1978 2590 2245 2671 probato
2287 2610 2431 2654 con-

142 2691 387 2768 nexerit,
448 2688 563 2754 sed
610 2693 799 2756 etiam
851 2694 1144 2758 connexis
1190 2691 1546 2756 nominibus
1591 2693 1838 2757 omnino
1882 2691 2132 2757 easdem
2168 2692 2433 2775 formas

141 2793 444 2857 notaverit.
549 2792 848 2859 Verentur
863 2843 878 2872 ‚
918 2817 994 2860 ne
1048 2794 1298 2879 quando
1354 2793 1434 2858 ab
1485 2792 1603 2858 hac
1655 2794 1879 2876 reyula
1927 2794 2435 2862 aberraverimus

142 2889 320 2957 inviti.
418 2895 623 2977 Quum
665 2899 831 2963 enim
872 2919 1072 2977 nemo,
1117 2901 1419 2981 quantum
1462 2897 1725 2974 scimus,
1768 2896 1960 2978 liujus
2005 2901 2125 2963 cevi
2167 2899 2429 2964 licbeno-

90 3033 105 3043 ·
144 2990 303 3074 loqns
367 2999 611 3064 ratione
676 3003 924 3066 omnino
989 3001 1202 3065 eadem
1255 3001 1342 3063 sit
1397 3017 1557 3062 usus
1610 3002 1795 3081 atque
1847 2999 2297 3084 difficillimum
2350 3004 2435 3067 sit

142 3100 334 3162 omnia
401 3099 922 3184 lichenoloyorum
986 3106 1225 3184 scripta
1274 3101 1673 3183 pervolvere‚
1721 3102 1930 3185 facile
1982 3106 2193 3185 potuit
2242 3105 2400 3189 fieri
2416 3152 2431 3183 ‚

139 3201 198 3258 ut
236 3207 445 3267 auctor
485 3205 745 3286 quidam
786 3207 872 3270 sit
914 3204 1153 3270 allatus
1171 3252 1187 3280 ,
1243 3205 1363 3268 etsi
1404 3226 1435 3268 e
1482 3202 1611 3285 leye
1640 3207 2010 3285 prioritatis
2054 3206 2227 3271 alius
2270 3213 2432 3273 esset

140 3301 428 3368 citandus.
531 3306 767 3388 Qualia
818 3312 1063 3385 errata,
1118 3311 1302 3389 atque
1356 3309 1569 3371 omnia
1613 3307 1778 3385 alia,
1822 3310 1932 3391 qui
1973 3310 2307 3389 invenerit,
2361 3311 2436 3376 de

144 3402 262 3467 illis
302 3428 414 3472 nos
457 3411 753 3474 certiores
777 3409 998 3494 faeiat
1043 3409 1139 3474 vel
1185 3410 1315 3474 alio
1366 3408 1542 3473 modo
1591 3409 1659 3473 in
1705 3408 1897 3474 lucem
1927 3411 2226 3494 proferat
2255 3415 2438 3479 enixe

143 3524 436 3586 royamus.
546 3509 777 3576 Omnes
842 3513 1006 3575 enim
1071 3513 1137 3576 in
1202 3509 1570 3593 opusculum
1627 3517 1914 3578 nostrum
1973 3513 2434 3580 observationes

148 3606 266 3675 {ceto
324 3620 630 3698 yratoque
694 3617 906 3680 animo
971 3616 1371 3697 accipi-'emuS‚
1438 3616 1568 3679 sive
1634 3615 1940 3681 benevolis
1993 3618 2123 3682 sive
2182 3621 2432 3701 asperis

147 3719 613 3783 enuntiabuntur
657 3718 883 3782 verb-is.

294 3836 516 3902 Restat
558 3838 736 3902 modo
778 3842 849 3901 ut
878 3857 1097 3918 pauca
1140 3837 1214 3901 de
1256 3837 1693 3903 distributione
1729 3840 2149 3921 yeoyraphica
2194 3842 2427 3925 affera-

146 3952 279 4002 mus.
395 3939 669 4004 Tantam
734 3946 1006 4016 terram,
1083 3946 1323 4024 quanta
1389 3945 1481 4005 est
1551 3941 1981 4008 Scandinavia
2045 3950 2295 4022 nostra,
2362 3948 2433 4012 in

148 4034 387 4106 diversis
428 4044 793 4125 reqionibus
832 4046 1048 4108 varios
1094 4044 1358 4108 lichenes
1396 4045 1683 4125 yz'ynere,
1715 4067 1840 4128 per
1883 4067 1952 4111 se
1981 4054 2195 4128 patet,·
2238 4050 2431 4114 nimis

149 4158 283 4222 vaya
334 4152 482 4210 sunt
539 4152 747 4210 tamen
779 4145 932 4228 fere
973 4148 1212 4224 omnia,
1258 4166 1397 4230 quae
1440 4147 1514 4212 de
1556 4148 1673 4213 liae
1717 4170 1787 4215 re
1831 4147 2175 4214 attulerunt
2219 4156 2429 4216 aucto-

148 4259 246 4305 res.
332 4245 449 4314 Illi
497 4247 734 4329 reyulae
777 4249 1086 4313 voluimus
1130 4250 1411 4333 obsequi,
1456 4271 1532 4314 ea
1576 4256 1818 4315 tantum
1861 4272 1998 4316 esse
2040 4253 2424 4334 recipienda,

152 4363 262 4422 φιιε
319 4358 481 4417 certo
532 4352 875 4416 habea-mus
931 4358 1259 4433 comperta.
1366 4351 1525 4417 Inde
1584 4353 1832 4436 quidem
1870 4357 1954 4438 fit
1991 4358 2428 4436 perspicuum,

152 4466 307 4526 quam
346 4476 565 4536 pauca
615 4458 744 4520 sint
794 4455 974 4519 nobis
1017 4457 1292 4535 coynita‚
1336 4455 1450 4521 sed
1488 4455 1781 4520 nolumus
1823 4460 2250 4541 iqnorantiam
2291 4481 2428 4526 ver-

155 4545 228 4614 bis
264 4558 430 4622 tritis
472 4557 963 4643 vulyaribusque
1004 4557 1225 4625 velare.
