<?xml version="1.0" encoding="UTF-8"?>
<!DOCTYPE html PUBLIC "-//W3C//DTD XHTML 1.0 Transitional//EN"
    "http://www.w3.org/TR/xhtml1/DTD/xhtml1-transitional.dtd">
<html xmlns="http://www.w3.org/1999/xhtml" xml:lang="en" lang="en">
 <head>
  <title>
</title>
<meta http-equiv="Content-Type" content="text/html;charset=utf-8" />
  <meta name='ocr-system' content='tesseract 3.04.00' />
  <meta name='ocr-capabilities' content='ocr_page ocr_carea ocr_par ocr_line ocrx_word'/>
</head>
<body>
  <div class='ocr_page' id='page_1' title='image "./lichenographias00friegoog_0680.png"; bbox 0 0 3177 5011; ppageno 0'>
   <div class='ocr_carea' id='block_1_1' title="bbox 1761 306 1886 371">
    <p class='ocr_par' dir='ltr' id='par_1_1' title="bbox 1761 306 1886 371">
     <span class='ocr_line' id='line_1_1' title="bbox 1761 306 1886 371; baseline -0.008 0"><span class='ocrx_word' id='word_1_1' title='bbox 1761 306 1886 371; x_wconf 82' lang='grc'><strong>612</strong></span> 
     </span>
    </p>
   </div>
   <div class='ocr_carea' id='block_1_2' title="bbox 670 456 3023 788">
    <p class='ocr_par' dir='ltr' id='par_1_2' title="bbox 670 456 3023 788">
     <span class='ocr_line' id='line_1_2' title="bbox 675 456 3023 528; baseline 0 -16"><span class='ocrx_word' id='word_1_2' title='bbox 675 471 720 512; x_wconf 91' lang='lat' dir='ltr'><strong>e.</strong></span> <span class='ocrx_word' id='word_1_3' title='bbox 758 473 799 512; x_wconf 85' lang='lat' dir='ltr'><strong>s.</strong></span> <span class='ocrx_word' id='word_1_4' title='bbox 831 475 884 528; x_wconf 89' lang='lat' dir='ltr'><strong>p.</strong></span> <span class='ocrx_word' id='word_1_5' title='bbox 935 489 1000 500; x_wconf 95' lang='lat'>—</span> <span class='ocrx_word' id='word_1_6' title='bbox 1044 456 1274 528; x_wconf 85' lang='lat' dir='ltr'><strong>Ingenue</strong></span> <span class='ocrx_word' id='word_1_7' title='bbox 1322 459 1573 522; x_wconf 80' lang='lat' dir='ltr'><strong>fatemur,</strong></span> <span class='ocrx_word' id='word_1_8' title='bbox 1630 475 1722 514; x_wconf 89' lang='lat' dir='ltr'><strong>nos</strong></span> <span class='ocrx_word' id='word_1_9' title='bbox 1765 458 2025 515; x_wconf 86' lang='lat' dir='ltr'><strong>interdum</strong></span> <span class='ocrx_word' id='word_1_10' title='bbox 2076 458 2260 515; x_wconf 87' lang='lat' dir='ltr'><strong>dubios</strong></span> <span class='ocrx_word' id='word_1_11' title='bbox 2294 459 2534 528; x_wconf 70' lang='lat' dir='ltr'><strong>haesisse,</strong></span> <span class='ocrx_word' id='word_1_12' title='bbox 2569 475 2761 514; x_wconf 85' lang='lat' dir='ltr'><strong>numne</strong></span> <span class='ocrx_word' id='word_1_13' title='bbox 2800 475 2873 513; x_wconf 81' lang='lat' dir='ltr'><strong>ex</strong></span> <span class='ocrx_word' id='word_1_14' title='bbox 2912 457 3023 513; x_wconf 80' lang='lat' dir='ltr'><strong>his</strong></span> 
     </span>
     <span class='ocr_line' id='line_1_3' title="bbox 674 542 3016 618; baseline 0.002 -20"><span class='ocrx_word' id='word_1_15' title='bbox 674 542 869 613; x_wconf 76' lang='lat' dir='ltr'><strong>plantis</strong></span> <span class='ocrx_word' id='word_1_16' title='bbox 912 543 1171 600; x_wconf 78' lang='lat' dir='ltr'><strong>nonnunae</strong></span> <span class='ocrx_word' id='word_1_17' title='bbox 1214 546 1446 618; x_wconf 78' lang='lat' dir='ltr'><strong>analogae</strong></span> <span class='ocrx_word' id='word_1_18' title='bbox 1498 546 1564 601; x_wconf 89' lang='lat' dir='ltr'><strong>ad</strong></span> <span class='ocrx_word' id='word_1_19' title='bbox 1619 546 1836 602; x_wconf 86' lang='lat' dir='ltr'><strong>eandem</strong></span> <span class='ocrx_word' id='word_1_20' title='bbox 1877 546 2077 617; x_wconf 81' lang='lat' dir='ltr'><strong>species</strong></span> <span class='ocrx_word' id='word_1_21' title='bbox 2124 565 2179 602; x_wconf 90' lang='lat' dir='ltr'><strong>re</strong></span> <span class='ocrx_word' id='word_1_22' title='bbox 2236 565 2358 602; x_wconf 83' lang='lat' dir='ltr'><strong>vera</strong></span> <span class='ocrx_word' id='word_1_23' title='bbox 2406 547 2718 618; x_wconf 78' lang='lat' dir='ltr'><strong>pertineant.</strong></span> <span class='ocrx_word' id='word_1_24' title='bbox 2808 546 3016 617; x_wconf 63' lang='grc' dir='ltr'>δραι-ε</span> 
     </span>
     <span class='ocr_line' id='line_1_4' title="bbox 673 630 3016 705; baseline 0.002 -21"><span class='ocrx_word' id='word_1_25' title='bbox 673 630 998 686; x_wconf 76' lang='lat' dir='ltr'><strong>tetrablastae</strong></span> <span class='ocrx_word' id='word_1_26' title='bbox 1035 630 1289 700; x_wconf 81' lang='lat' dir='ltr'><strong>dyblastis</strong></span> <span class='ocrx_word' id='word_1_27' title='bbox 1323 633 1587 688; x_wconf 78' lang='lat' dir='ltr'><strong>interdum</strong></span> <span class='ocrx_word' id='word_1_28' title='bbox 1625 634 1775 705; x_wconf 81' lang='lat' dir='ltr'><strong>(licet</strong></span> <span class='ocrx_word' id='word_1_29' title='bbox 1810 640 1948 700; x_wconf 79' lang='lat' dir='ltr'><strong>raro)</strong></span> <span class='ocrx_word' id='word_1_30' title='bbox 1984 634 2233 689; x_wconf 80' lang='lat' dir='ltr'><strong>immixtae</strong></span> <span class='ocrx_word' id='word_1_31' title='bbox 2269 635 2569 705; x_wconf 80' lang='lat' dir='ltr'><strong>similesque</strong></span> <span class='ocrx_word' id='word_1_32' title='bbox 2602 634 2744 704; x_wconf 87' lang='lat' dir='ltr'><strong>apud</strong></span> <span class='ocrx_word' id='word_1_33' title='bbox 2777 634 3016 690; x_wconf 58' lang='lat' dir='ltr'><strong>Euru-</strong></span> 
     </span>
     <span class='ocr_line' id='line_1_5' title="bbox 670 717 3010 788; baseline 0 -16"><span class='ocrx_word' id='word_1_34' title='bbox 670 734 902 788; x_wconf 74' lang='lat' dir='ltr'><strong>zocarpa</strong></span> <span class='ocrx_word' id='word_1_35' title='bbox 932 717 1188 787; x_wconf 85' lang='lat' dir='ltr'><strong>juvenilia</strong></span> <span class='ocrx_word' id='word_1_36' title='bbox 1223 720 1308 774; x_wconf 78' lang='lat' dir='ltr'><strong>vel</strong></span> <span class='ocrx_word' id='word_1_37' title='bbox 1342 721 1513 774; x_wconf 87' lang='lat' dir='ltr'><strong>minus</strong></span> <span class='ocrx_word' id='word_1_38' title='bbox 1537 721 1639 776; x_wconf 74' lang='lat' dir='ltr'><strong>rite</strong></span> <span class='ocrx_word' id='word_1_39' title='bbox 1666 722 1875 777; x_wconf 83' lang='lat' dir='ltr'><strong>evoluta</strong></span> <span class='ocrx_word' id='word_1_40' title='bbox 1899 721 2038 777; x_wconf 83' lang='lat' dir='ltr'><strong>haud</strong></span> <span class='ocrx_word' id='word_1_41' title='bbox 2065 740 2179 776; x_wconf 81' lang='lat' dir='ltr'><strong>rara</strong></span> <span class='ocrx_word' id='word_1_42' title='bbox 2201 739 2386 776; x_wconf 82' lang='lat' dir='ltr'><strong>nexum</strong></span> <span class='ocrx_word' id='word_1_43' title='bbox 2412 722 2573 777; x_wconf 83' lang='lat' dir='ltr'><strong>etiam</strong></span> <span class='ocrx_word' id='word_1_44' title='bbox 2599 721 3010 776; x_wconf 79' lang='lat' dir='ltr'><strong>demonstrant.</strong></span> 
     </span>
    </p>
   </div>
   <div class='ocr_carea' id='block_1_3' title="bbox 675 892 3007 1293">
    <p class='ocr_par' dir='ltr' id='par_1_3' title="bbox 847 892 2622 981">
     <span class='ocr_line' id='line_1_6' title="bbox 847 892 2622 981; baseline 0.001 -24"><span class='ocrx_word' id='word_1_45' title='bbox 847 894 922 957; x_wconf 89' lang='lat' dir='ltr'><strong>A.</strong></span> <span class='ocrx_word' id='word_1_46' title='bbox 1014 897 1495 976; x_wconf 76' lang='lat' dir='ltr'><strong>Gatooarpon</strong></span> <span class='ocrx_word' id='word_1_47' title='bbox 1538 892 1788 974; x_wconf 71' lang='lat' dir='ltr'><strong>(Korb.)</strong></span> <span class='ocrx_word' id='word_1_48' title='bbox 1832 896 2011 960; x_wconf 76' lang='lat' dir='ltr'><strong>Am:</strong></span> <span class='ocrx_word' id='word_1_49' title='bbox 2060 916 2254 981; x_wconf 77' lang='lat' dir='ltr'><strong>sporae</strong></span> <span class='ocrx_word' id='word_1_50' title='bbox 2298 896 2622 979; x_wconf 76' lang='lat' dir='ltr'><strong>dyblastae.</strong></span> 
     </span>
    </p>

    <p class='ocr_par' dir='ltr' id='par_1_4' title="bbox 675 1030 3007 1188">
     <span class='ocr_line' id='line_1_7' title="bbox 819 1030 3007 1106; baseline 0.002 -22"><span class='ocrx_word' id='word_1_51' title='bbox 819 1030 958 1100; x_wconf 80' lang='lat' dir='ltr'><strong>Syn.</strong></span> <span class='ocrx_word' id='word_1_52' title='bbox 1031 1030 1252 1085; x_wconf 75' lang='lat' dir='ltr'><strong>Ruellia</strong></span> <span class='ocrx_word' id='word_1_53' title='bbox 1295 1031 1344 1084; x_wconf 90' lang='lat' dir='ltr'><strong>I.</strong></span> <span class='ocrx_word' id='word_1_54' title='bbox 1392 1031 1725 1099; x_wconf 76' lang='lat' dir='ltr'><strong>Catocarpus</strong></span> <span class='ocrx_word' id='word_1_55' title='bbox 1768 1036 1825 1086; x_wconf 83' lang='lat' dir='ltr'><strong>et</strong></span> <span class='ocrx_word' id='word_1_56' title='bbox 1860 1034 2147 1088; x_wconf 70' lang='lat' dir='ltr'><strong>Catium-ia</strong></span> <span class='ocrx_word' id='word_1_57' title='bbox 2184 1034 2341 1088; x_wconf 69' lang='lat' dir='ltr'><strong>Korb.</strong></span> <span class='ocrx_word' id='word_1_58' title='bbox 2379 1035 2516 1104; x_wconf 77' lang='lat' dir='ltr'><strong>Syst.</strong></span> <span class='ocrx_word' id='word_1_59' title='bbox 2556 1035 2751 1104; x_wconf 87' lang='lat'>(1855)</span> <span class='ocrx_word' id='word_1_60' title='bbox 2789 1055 2847 1106; x_wconf 89' lang='lat' dir='ltr'><strong>p.</strong></span> <span class='ocrx_word' id='word_1_61' title='bbox 2891 1038 3007 1089; x_wconf 79' lang='lat'><strong>223</strong></span> 
     </span>
     <span class='ocr_line' id='line_1_8' title="bbox 675 1118 1117 1188; baseline -0.002 -17"><span class='ocrx_word' id='word_1_62' title='bbox 675 1120 731 1171; x_wconf 81' lang='lat' dir='ltr'><strong>et</strong></span> <span class='ocrx_word' id='word_1_63' title='bbox 765 1118 867 1171; x_wconf 84' lang='lat'><strong>231</strong></span> <span class='ocrx_word' id='word_1_64' title='bbox 909 1120 983 1188; x_wconf 90' lang='lat' dir='ltr'><strong>(p.</strong></span> <span class='ocrx_word' id='word_1_65' title='bbox 1020 1123 1117 1188; x_wconf 89' lang='lat' dir='ltr'><strong>p.).</strong></span> 
     </span>
    </p>

    <p class='ocr_par' dir='ltr' id='par_1_5' title="bbox 815 1222 1921 1293">
     <span class='ocr_line' id='line_1_9' title="bbox 815 1222 1921 1293; baseline 0.002 -16"><span class='ocrx_word' id='word_1_66' title='bbox 815 1222 1146 1292; x_wconf 64' lang='lat' dir='ltr'><strong>Catocarpus</strong></span> <span class='ocrx_word' id='word_1_67' title='bbox 1181 1223 1303 1276; x_wconf 87' lang='lat' dir='ltr'><strong>Arn.</strong></span> <span class='ocrx_word' id='word_1_68' title='bbox 1342 1222 1498 1276; x_wconf 85' lang='lat' dir='ltr'><strong>Flora</strong></span> <span class='ocrx_word' id='word_1_69' title='bbox 1536 1223 1673 1275; x_wconf 82' lang='grc'>1871</span> <span class='ocrx_word' id='word_1_70' title='bbox 1710 1242 1761 1293; x_wconf 89' lang='lat' dir='ltr'><strong>p.</strong></span> <span class='ocrx_word' id='word_1_71' title='bbox 1804 1222 1921 1279; x_wconf 81' lang='lat'><strong>147.</strong></span> 
     </span>
    </p>
   </div>
   <div class='ocr_carea' id='block_1_4' title="bbox 676 1324 3003 1483">
    <p class='ocr_par' dir='ltr' id='par_1_6' title="bbox 676 1324 3003 1483">
     <span class='ocr_line' id='line_1_10' title="bbox 809 1324 3003 1397; baseline 0.001 -18"><span class='ocrx_word' id='word_1_72' title='bbox 809 1327 923 1380; x_wconf 73' lang='lat' dir='ltr'><strong>obs.</strong></span> <span class='ocrx_word' id='word_1_73' title='bbox 995 1324 1075 1379; x_wconf 89' lang='lat' dir='ltr'><strong>Ob</strong></span> <span class='ocrx_word' id='word_1_74' title='bbox 1111 1324 1405 1395; x_wconf 74' lang='lat' dir='ltr'><strong>analogiam</strong></span> <span class='ocrx_word' id='word_1_75' title='bbox 1441 1342 1556 1380; x_wconf 90' lang='lat' dir='ltr'><strong>cum</strong></span> <span class='ocrx_word' id='word_1_76' title='bbox 1603 1326 1966 1395; x_wconf 59' lang='lat' dir='ltr'><strong>mimam,</strong></span> <span class='ocrx_word' id='word_1_77' title='bbox 2018 1324 2467 1396; x_wconf 63' lang='lat' dir='ltr'><strong>Dermawcavpo,</strong></span> <span class='ocrx_word' id='word_1_78' title='bbox 2515 1326 2851 1397; x_wconf 72' lang='lat' dir='ltr'><strong>Eudae-arpo</strong></span> <span class='ocrx_word' id='word_1_79' title='bbox 2893 1330 3003 1382; x_wconf 77' lang='lat' dir='ltr'><strong>cet.</strong></span> 
     </span>
     <span class='ocr_line' id='line_1_11' title="bbox 676 1412 2178 1483; baseline 0 -18"><span class='ocrx_word' id='word_1_80' title='bbox 676 1428 861 1466; x_wconf 89' lang='lat' dir='ltr'><strong>nomen</strong></span> <span class='ocrx_word' id='word_1_81' title='bbox 902 1412 1288 1483; x_wconf 69' lang='lat' dir='ltr'><strong>’&#39;Catoccwpus&#39;⁹</strong></span> <span class='ocrx_word' id='word_1_82' title='bbox 1325 1414 1379 1468; x_wconf 89' lang='lat' dir='ltr'><strong>in</strong></span> <span class='ocrx_word' id='word_1_83' title='bbox 1419 1413 1808 1481; x_wconf 62' lang='lat' dir='ltr'><strong>”Catocavpoffl</strong></span> <span class='ocrx_word' id='word_1_84' title='bbox 1845 1412 2178 1466; x_wconf 64' lang='lat' dir='ltr'><strong>mutavimus</strong></span> 
     </span>
    </p>
   </div>
   <div class='ocr_carea' id='block_1_5' title="bbox 676 1570 3001 1759">
    <p class='ocr_par' dir='ltr' id='par_1_7' title="bbox 676 1570 3001 1759">
     <span class='ocr_line' id='line_1_12' title="bbox 854 1570 3001 1656; baseline -0.002 -19"><span class='ocrx_word' id='word_1_85' title='bbox 854 1591 908 1637; x_wconf 84' lang='lat' dir='ltr'><strong>a.</strong></span> <span class='ocrx_word' id='word_1_86' title='bbox 981 1570 1181 1656; x_wconf 80' lang='lat' dir='ltr'><strong>Stirps</strong></span> <span class='ocrx_word' id='word_1_87' title='bbox 1248 1571 1374 1637; x_wconf 78' lang='lat' dir='ltr'><strong>Rh.</strong></span> <span class='ocrx_word' id='word_1_88' title='bbox 1441 1572 1853 1655; x_wconf 75' lang='lat' dir='ltr'><strong>chionophili:</strong></span> <span class='ocrx_word' id='word_1_89' title='bbox 1920 1574 2126 1636; x_wconf 79' lang='lat' dir='ltr'><strong>crusta</strong></span> <span class='ocrx_word' id='word_1_90' title='bbox 2180 1570 2541 1635; x_wconf 78' lang='lat' dir='ltr'><strong>ochroleuca</strong></span> <span class='ocrx_word' id='word_1_91' title='bbox 2580 1570 2677 1635; x_wconf 79' lang='lat' dir='ltr'><strong>vel</strong></span> <span class='ocrx_word' id='word_1_92' title='bbox 2718 1571 3001 1646; x_wconf 71' lang='lat' dir='ltr'><strong>citrino,</strong></span> 
     </span>
     <span class='ocr_line' id='line_1_13' title="bbox 676 1674 1284 1759; baseline -0.003 -21"><span class='ocrx_word' id='word_1_93' title='bbox 676 1692 873 1759; x_wconf 86' lang='lat' dir='ltr'><strong>sporae</strong></span> <span class='ocrx_word' id='word_1_94' title='bbox 918 1674 1284 1740; x_wconf 80' lang='lat' dir='ltr'><strong>obscuratae.</strong></span> 
     </span>
    </p>
   </div>
   <div class='ocr_carea' id='block_1_6' title="bbox 940 1926 2724 2004">
    <p class='ocr_par' dir='ltr' id='par_1_8' title="bbox 940 1926 2724 2004">
     <span class='ocr_line' id='line_1_14' title="bbox 940 1926 2724 2004; baseline 0 -17"><span class='ocrx_word' id='word_1_95' title='bbox 940 1926 996 1988; x_wconf 94' lang='grc'><strong>1.</strong></span> <span class='ocrx_word' id='word_1_96' title='bbox 1090 1928 1213 1988; x_wconf 83' lang='lat' dir='ltr'><strong>RH.</strong></span> <span class='ocrx_word' id='word_1_97' title='bbox 1263 1929 1816 2004; x_wconf 84' lang='lat' dir='ltr'>(CATOCARPON)</span> <span class='ocrx_word' id='word_1_98' title='bbox 1863 1929 2435 1990; x_wconf 81' lang='lat' dir='ltr'>CHIONOPHILUM</span> <span class='ocrx_word' id='word_1_99' title='bbox 2478 1928 2584 1989; x_wconf 80' lang='lat' dir='ltr'><strong>Th.</strong></span> <span class='ocrx_word' id='word_1_100' title='bbox 2632 1930 2724 1988; x_wconf 87' lang='lat' dir='ltr'><strong>Fr.</strong></span> 
     </span>
    </p>
   </div>
   <div class='ocr_carea' id='block_1_7' title="bbox 677 2095 2995 2390">
    <p class='ocr_par' dir='ltr' id='par_1_9' title="bbox 677 2095 2995 2390">
     <span class='ocr_line' id='line_1_15' title="bbox 848 2095 2995 2181; baseline -0.001 -19"><span class='ocrx_word' id='word_1_101' title='bbox 848 2095 1068 2163; x_wconf 73' lang='lat' dir='ltr'><strong>Crustu</strong></span> <span class='ocrx_word' id='word_1_102' title='bbox 1113 2099 1778 2177; x_wconf 82' lang='lat' dir='ltr'><strong>verrucoso-areolata,</strong></span> <span class='ocrx_word' id='word_1_103' title='bbox 1816 2099 2178 2165; x_wconf 76' lang='lat' dir='ltr'><strong>ochroleuca</strong></span> <span class='ocrx_word' id='word_1_104' title='bbox 2205 2099 2303 2164; x_wconf 84' lang='lat' dir='ltr'><strong>vel</strong></span> <span class='ocrx_word' id='word_1_105' title='bbox 2334 2101 2596 2176; x_wconf 73' lang='lat' dir='ltr'><strong>citrina,</strong></span> <span class='ocrx_word' id='word_1_106' title='bbox 2627 2096 2995 2181; x_wconf 76' lang='lat' dir='ltr'><strong>hypothallo</strong></span> 
     </span>
     <span class='ocr_line' id='line_1_16' title="bbox 677 2201 2994 2286; baseline 0 -22"><span class='ocrx_word' id='word_1_107' title='bbox 677 2202 1030 2283; x_wconf 73' lang='lat' dir='ltr'><strong>niyricante</strong></span> <span class='ocrx_word' id='word_1_108' title='bbox 1087 2203 1414 2283; x_wconf 59' lang='lat' dir='ltr'><strong>impe-sitm</strong></span> <span class='ocrx_word' id='word_1_109' title='bbox 1471 2202 1690 2286; x_wconf 85' lang='lat' dir='ltr'><strong>hyphae</strong></span> <span class='ocrx_word' id='word_1_110' title='bbox 1745 2225 1870 2268; x_wconf 77' lang='lat' dir='ltr'><strong>non</strong></span> <span class='ocrx_word' id='word_1_111' title='bbox 1928 2203 2328 2286; x_wconf 70' lang='lat' dir='ltr'><strong>amyloz‘deoe;</strong></span> <span class='ocrx_word' id='word_1_112' title='bbox 2386 2202 2705 2285; x_wconf 74' lang='lat' dir='ltr'><strong>apothecis</strong></span> <span class='ocrx_word' id='word_1_113' title='bbox 2747 2201 2994 2265; x_wconf 73' lang='lat' dir='ltr'><strong>sessilis</strong></span> 
     </span>
     <span class='ocr_line' id='line_1_17' title="bbox 679 2304 2989 2390; baseline -0 -22"><span class='ocrx_word' id='word_1_114' title='bbox 679 2304 776 2369; x_wconf 87' lang='lat' dir='ltr'><strong>vel</strong></span> <span class='ocrx_word' id='word_1_115' title='bbox 843 2305 1160 2388; x_wconf 84' lang='lat' dir='ltr'><strong>adpressa,</strong></span> <span class='ocrx_word' id='word_1_116' title='bbox 1229 2306 1392 2379; x_wconf 79' lang='lat' dir='ltr'><strong>atra,</strong></span> <span class='ocrx_word' id='word_1_117' title='bbox 1463 2305 1656 2381; x_wconf 84' lang='lat' dir='ltr'><strong>nuda,</strong></span> <span class='ocrx_word' id='word_1_118' title='bbox 1718 2306 1983 2389; x_wconf 88' lang='lat' dir='ltr'><strong>primum</strong></span> <span class='ocrx_word' id='word_1_119' title='bbox 2047 2305 2432 2390; x_wconf 81' lang='lat' dir='ltr'><strong>planiuscula</strong></span> <span class='ocrx_word' id='word_1_120' title='bbox 2488 2305 2989 2388; x_wconf 79' lang='lat' dir='ltr'><strong>marginataque‚</strong></span> 
     </span>
    </p>
   </div>
   <div class='ocr_carea' id='block_1_8' title="bbox 679 2407 2988 2596">
    <p class='ocr_par' dir='ltr' id='par_1_10' title="bbox 679 2407 2988 2596">
     <span class='ocr_line' id='line_1_18' title="bbox 679 2407 2988 2494; baseline 0 -22"><span class='ocrx_word' id='word_1_121' title='bbox 679 2408 923 2472; x_wconf 89' lang='lat' dir='ltr'><strong>demum</strong></span> <span class='ocrx_word' id='word_1_122' title='bbox 992 2426 1151 2490; x_wconf 78' lang='lat' dir='ltr'><strong>saepe</strong></span> <span class='ocrx_word' id='word_1_123' title='bbox 1215 2426 1479 2473; x_wconf 84' lang='lat' dir='ltr'><strong>convexa</strong></span> <span class='ocrx_word' id='word_1_124' title='bbox 1533 2408 2115 2493; x_wconf 79' lang='lat' dir='ltr'><strong>immarginataque3</strong></span> <span class='ocrx_word' id='word_1_125' title='bbox 2174 2428 2365 2494; x_wconf 85' lang='lat' dir='ltr'><strong>sporae</strong></span> <span class='ocrx_word' id='word_1_126' title='bbox 2408 2427 2686 2491; x_wconf 75' lang='lat' dir='ltr'><strong>maynae,</strong></span> <span class='ocrx_word' id='word_1_127' title='bbox 2740 2407 2988 2472; x_wconf 85' lang='lat' dir='ltr'><strong>demum</strong></span> 
     </span>
     <span class='ocr_line' id='line_1_19' title="bbox 679 2512 1997 2596; baseline -0.003 -19"><span class='ocrx_word' id='word_1_128' title='bbox 679 2512 1068 2596; x_wconf 83' lang='lat' dir='ltr'><strong>nigricantes.</strong></span> <span class='ocrx_word' id='word_1_129' title='bbox 1992 2539 1997 2542; x_wconf 86' lang='grc'><strong>-</strong></span> 
     </span>
    </p>
   </div>
   <div class='ocr_carea' id='block_1_9' title="bbox 817 2647 2984 2824">
    <p class='ocr_par' dir='ltr' id='par_1_11' title="bbox 817 2647 2984 2824">
     <span class='ocr_line' id='line_1_20' title="bbox 817 2647 2876 2720; baseline -0 -18"><span class='ocrx_word' id='word_1_130' title='bbox 817 2647 957 2718; x_wconf 81' lang='lat' dir='ltr'><strong>Syn.</strong></span> <span class='ocrx_word' id='word_1_131' title='bbox 1030 2647 1402 2716; x_wconf 69' lang='lat' dir='ltr'><strong>Rhizocarpon</strong></span> <span class='ocrx_word' id='word_1_132' title='bbox 1433 2649 1837 2718; x_wconf 73' lang='lat' dir='ltr'><strong>yeoyraphicum</strong></span> <span class='ocrx_word' id='word_1_133' title='bbox 1876 2647 1926 2702; x_wconf 84' lang='grc' dir='ltr'><strong>δ.</strong></span> <span class='ocrx_word' id='word_1_134' title='bbox 1964 2649 2252 2719; x_wconf 59' lang='lat' dir='ltr'><strong>ahpieolum</strong></span> <span class='ocrx_word' id='word_1_135' title='bbox 2287 2650 2446 2705; x_wconf 69' lang='grc' dir='ltr'>Κότῐ).</span> <span class='ocrx_word' id='word_1_136' title='bbox 2486 2649 2624 2720; x_wconf 81' lang='lat' dir='ltr'><strong>Syst.</strong></span> <span class='ocrx_word' id='word_1_137' title='bbox 2661 2667 2714 2719; x_wconf 87' lang='lat' dir='ltr'><strong>p.</strong></span> <span class='ocrx_word' id='word_1_138' title='bbox 2752 2648 2876 2701; x_wconf 80' lang='lat'><strong>263.</strong></span> 
     </span>
     <span class='ocr_line' id='line_1_21' title="bbox 817 2751 2984 2824; baseline -0.003 -18"><span class='ocrx_word' id='word_1_139' title='bbox 817 2751 1045 2806; x_wconf 64' lang='lat' dir='ltr'><strong>Lacfflea</strong></span> <span class='ocrx_word' id='word_1_140' title='bbox 1078 2752 1314 2821; x_wconf 75' lang='lat' dir='ltr'><strong>alpicola</strong></span> <span class='ocrx_word' id='word_1_141' title='bbox 1350 2751 1472 2822; x_wconf 82' lang='lat' dir='ltr'><strong>Nyl.</strong></span> <span class='ocrx_word' id='word_1_142' title='bbox 1516 2753 1697 2807; x_wconf 84' lang='lat' dir='ltr'><strong>Scand.</strong></span> <span class='ocrx_word' id='word_1_143' title='bbox 1736 2772 1787 2823; x_wconf 89' lang='lat' dir='ltr'><strong>p.</strong></span> <span class='ocrx_word' id='word_1_144' title='bbox 1824 2754 1939 2806; x_wconf 81' lang='lat'><strong>247.</strong></span> <span class='ocrx_word' id='word_1_145' title='bbox 1981 2785 2046 2794; x_wconf 89' lang='lat'><em>-</em></span> <span class='ocrx_word' id='word_1_146' title='bbox 2084 2755 2306 2809; x_wconf 75' lang='lat' dir='ltr'><strong>Ruellia</strong></span> <span class='ocrx_word' id='word_1_147' title='bbox 2340 2753 2437 2807; x_wconf 86' lang='lat' dir='ltr'><strong>Th.</strong></span> <span class='ocrx_word' id='word_1_148' title='bbox 2475 2753 2563 2807; x_wconf 87' lang='lat' dir='ltr'><strong>Fr.</strong></span> <span class='ocrx_word' id='word_1_149' title='bbox 2598 2751 2795 2824; x_wconf 69' lang='lat' dir='ltr'><strong>Spitsb.</strong></span> <span class='ocrx_word' id='word_1_150' title='bbox 2828 2769 2875 2821; x_wconf 89' lang='lat' dir='ltr'><strong>p.</strong></span> <span class='ocrx_word' id='word_1_151' title='bbox 2906 2751 2984 2802; x_wconf 83' lang='lat'><strong>45.</strong></span> 
     </span>
    </p>
   </div>
   <div class='ocr_carea' id='block_1_10' title="bbox 684 2873 2983 3166">
    <p class='ocr_par' dir='ltr' id='par_1_12' title="bbox 684 2873 2983 3166">
     <span class='ocr_line' id='line_1_22' title="bbox 848 2873 2982 2959; baseline -0.001 -22"><span class='ocrx_word' id='word_1_152' title='bbox 848 2873 945 2938; x_wconf 85' lang='lat' dir='ltr'><strong>Ad</strong></span> <span class='ocrx_word' id='word_1_153' title='bbox 1002 2893 1182 2957; x_wconf 85' lang='lat' dir='ltr'><strong>rupes</strong></span> <span class='ocrx_word' id='word_1_154' title='bbox 1237 2895 1357 2940; x_wconf 92' lang='lat' dir='ltr'><strong>non</strong></span> <span class='ocrx_word' id='word_1_155' title='bbox 1411 2875 1715 2941; x_wconf 79' lang='lat' dir='ltr'>calcareas</span> <span class='ocrx_word' id='word_1_156' title='bbox 1760 2875 1989 2959; x_wconf 85' lang='lat' dir='ltr'><strong>alpium</strong></span> <span class='ocrx_word' id='word_1_157' title='bbox 2035 2896 2143 2959; x_wconf 88' lang='lat' dir='ltr'><strong>per</strong></span> <span class='ocrx_word' id='word_1_158' title='bbox 2192 2876 2607 2957; x_wconf 71' lang='grc' dir='ltr'><strong>Νονυερίαηι,</strong></span> <span class='ocrx_word' id='word_1_159' title='bbox 2662 2873 2982 2949; x_wconf 76' lang='lat' dir='ltr'><strong>Suco-iam,</strong></span> 
     </span>
     <span class='ocr_line' id='line_1_23' title="bbox 691 2974 2983 3062; baseline -0.001 -22"><span class='ocrx_word' id='word_1_160' title='bbox 691 2975 1004 3040; x_wconf 74' lang='lat' dir='ltr'><strong>Fenniam</strong></span> <span class='ocrx_word' id='word_1_161' title='bbox 1061 2976 1399 3054; x_wconf 78' lang='lat' dir='ltr'><em>borealem,</em></span> <span class='ocrx_word' id='word_1_162' title='bbox 1446 2977 1846 3060; x_wconf 74' lang='lat' dir='ltr'><strong>Lapponiam</strong></span> <span class='ocrx_word' id='word_1_163' title='bbox 1893 2978 2230 3044; x_wconf 79' lang='lat' dir='ltr'><strong>Rossicam</strong></span> <span class='ocrx_word' id='word_1_164' title='bbox 2274 2978 2500 3062; x_wconf 82' lang='lat' dir='ltr'><strong>passim</strong></span> <span class='ocrx_word' id='word_1_165' title='bbox 2545 2977 2737 3046; x_wconf 66' lang='lat' dir='ltr'><strong>lecta.</strong></span> <span class='ocrx_word' id='word_1_166' title='bbox 2785 2974 2862 3039; x_wconf 91' lang='lat' dir='ltr'><strong>ob</strong></span> <span class='ocrx_word' id='word_1_167' title='bbox 2906 2975 2983 3038; x_wconf 86' lang='lat' dir='ltr'><strong>si·</strong></span> 
     </span>
     <span class='ocr_line' id='line_1_24' title="bbox 684 3078 2544 3166; baseline 0.003 -24"><span class='ocrx_word' id='word_1_168' title='bbox 684 3078 1093 3144; x_wconf 83' lang='lat' dir='ltr'>militudinem</span> <span class='ocrx_word' id='word_1_169' title='bbox 1139 3098 1277 3144; x_wconf 91' lang='lat' dir='ltr'><strong>cum</strong></span> <span class='ocrx_word' id='word_1_170' title='bbox 1323 3079 1448 3145; x_wconf 78' lang='lat' dir='ltr'><strong>Rh.</strong></span> <span class='ocrx_word' id='word_1_171' title='bbox 1491 3082 1904 3165; x_wconf 76' lang='lat' dir='ltr'><strong>yeoyraphico</strong></span> <span class='ocrx_word' id='word_1_172' title='bbox 1948 3082 2126 3147; x_wconf 82' lang='lat' dir='ltr'><strong>facile</strong></span> <span class='ocrx_word' id='word_1_173' title='bbox 2170 3081 2544 3166; x_wconf 80' lang='lat' dir='ltr'><strong>praetervisa.</strong></span> 
     </span>
    </p>
   </div>
   <div class='ocr_carea' id='block_1_11' title="bbox 677 3214 2984 4242">
    <p class='ocr_par' dir='ltr' id='par_1_13' title="bbox 677 3214 2984 4242">
     <span class='ocr_line' id='line_1_25' title="bbox 820 3214 2984 3290; baseline 0 -21"><span class='ocrx_word' id='word_1_174' title='bbox 820 3214 1020 3277; x_wconf 80' lang='lat' dir='ltr'><strong>Crustae</strong></span> <span class='ocrx_word' id='word_1_175' title='bbox 1070 3216 1254 3270; x_wconf 83' lang='lat' dir='ltr'><strong>areolae</strong></span> <span class='ocrx_word' id='word_1_176' title='bbox 1300 3216 1459 3287; x_wconf 82' lang='lat' dir='ltr'><strong>vulgo</strong></span> <span class='ocrx_word' id='word_1_177' title='bbox 1503 3233 1693 3286; x_wconf 81' lang='lat' dir='ltr'><strong>sparsae</strong></span> <span class='ocrx_word' id='word_1_178' title='bbox 1730 3219 1815 3275; x_wconf 82' lang='lat' dir='ltr'><strong>vel</strong></span> <span class='ocrx_word' id='word_1_179' title='bbox 1848 3235 2023 3290; x_wconf 80' lang='lat' dir='ltr'><strong>paucae</strong></span> <span class='ocrx_word' id='word_1_180' title='bbox 2060 3219 2303 3274; x_wconf 62' lang='lat' dir='ltr'><strong>confertae</strong></span> <span class='ocrx_word' id='word_1_181' title='bbox 2317 3259 2332 3286; x_wconf 91' lang='lat'>,</span> <span class='ocrx_word' id='word_1_182' title='bbox 2367 3217 2674 3288; x_wconf 78' lang='lat' dir='ltr'><strong>hypothallo</strong></span> <span class='ocrx_word' id='word_1_183' title='bbox 2709 3214 2984 3271; x_wconf 82' lang='lat' dir='ltr'><strong>intervalla</strong></span> 
     </span>
     <span class='ocr_line' id='line_1_26' title="bbox 681 3302 2980 3376; baseline -0.001 -18"><span class='ocrx_word' id='word_1_184' title='bbox 681 3307 983 3374; x_wconf 75' lang='lat' dir='ltr'><strong>occupante.</strong></span> <span class='ocrx_word' id='word_1_185' title='bbox 1056 3303 1210 3358; x_wconf 89' lang='lat' dir='ltr'><strong>Color</strong></span> <span class='ocrx_word' id='word_1_186' title='bbox 1262 3303 1551 3358; x_wconf 80' lang='lat' dir='ltr'><strong>areolarum</strong></span> <span class='ocrx_word' id='word_1_187' title='bbox 1607 3321 1742 3359; x_wconf 88' lang='lat' dir='ltr'><strong>nunc</strong></span> <span class='ocrx_word' id='word_1_188' title='bbox 1796 3306 2039 3376; x_wconf 88' lang='lat' dir='ltr'><strong>pallidior</strong></span> <span class='ocrx_word' id='word_1_189' title='bbox 2092 3306 2151 3366; x_wconf 81' lang='lat' dir='ltr'><strong>(f.</strong></span> <span class='ocrx_word' id='word_1_190' title='bbox 2200 3305 2550 3375; x_wconf 69' lang='lat' dir='ltr'><strong>yeronttbides</strong></span> <span class='ocrx_word' id='word_1_191' title='bbox 2603 3302 2722 3374; x_wconf 87' lang='lat' dir='ltr'><strong>Nyl.</strong></span> <span class='ocrx_word' id='word_1_192' title='bbox 2758 3303 2815 3356; x_wconf 91' lang='lat' dir='ltr'><strong>in</strong></span> <span class='ocrx_word' id='word_1_193' title='bbox 2859 3302 2980 3357; x_wconf 74' lang='lat' dir='ltr'><strong>Not.</strong></span> 
     </span>
     <span class='ocr_line' id='line_1_27' title="bbox 680 3389 2981 3463; baseline -0 -19"><span class='ocrx_word' id='word_1_194' title='bbox 680 3391 865 3444; x_wconf 70' lang='lat' dir='ltr'><strong>Sallsk.</strong></span> <span class='ocrx_word' id='word_1_195' title='bbox 902 3408 953 3460; x_wconf 89' lang='lat' dir='ltr'><strong>p.</strong></span> <span class='ocrx_word' id='word_1_196' title='bbox 980 3391 1042 3444; x_wconf 86' lang='lat' dir='ltr'><strong>F.</strong></span> <span class='ocrx_word' id='word_1_197' title='bbox 1081 3394 1137 3445; x_wconf 84' lang='lat' dir='ltr'><strong>et</strong></span> <span class='ocrx_word' id='word_1_198' title='bbox 1172 3390 1252 3445; x_wconf 87' lang='lat' dir='ltr'><strong>Fl.</strong></span> <span class='ocrx_word' id='word_1_199' title='bbox 1293 3390 1353 3444; x_wconf 83' lang='lat' dir='ltr'><strong>F.</strong></span> <span class='ocrx_word' id='word_1_200' title='bbox 1390 3389 1548 3445; x_wconf 70' lang='lat' dir='ltr'><strong>Foth.</strong></span> <span class='ocrx_word' id='word_1_201' title='bbox 1585 3391 1718 3445; x_wconf 85' lang='lat' dir='ltr'>XIII</span> <span class='ocrx_word' id='word_1_202' title='bbox 1742 3410 1793 3462; x_wconf 89' lang='lat' dir='ltr'><strong>p.</strong></span> <span class='ocrx_word' id='word_1_203' title='bbox 1822 3394 1972 3463; x_wconf 79' lang='lat'>341),</span> <span class='ocrx_word' id='word_1_204' title='bbox 2010 3410 2146 3448; x_wconf 87' lang='lat' dir='ltr'><strong>nunc</strong></span> <span class='ocrx_word' id='word_1_205' title='bbox 2181 3393 2399 3456; x_wconf 86' lang='lat' dir='ltr'><strong>(rarius)</strong></span> <span class='ocrx_word' id='word_1_206' title='bbox 2423 3393 2480 3446; x_wconf 87' lang='lat' dir='ltr'><strong>in</strong></span> <span class='ocrx_word' id='word_1_207' title='bbox 2503 3391 2843 3445; x_wconf 76' lang='lat' dir='ltr'><strong>virescentem</strong></span> <span class='ocrx_word' id='word_1_208' title='bbox 2868 3405 2981 3444; x_wconf 78' lang='lat' dir='ltr'><strong>ver·</strong></span> 
     </span>
     <span class='ocr_line' id='line_1_28' title="bbox 677 3462 2980 3550; baseline -0.001 -16"><span class='ocrx_word' id='word_1_209' title='bbox 677 3496 834 3550; x_wconf 77' lang='lat' dir='ltr'><strong>gens3</strong></span> <span class='ocrx_word' id='word_1_210' title='bbox 881 3462 931 3532; x_wconf 84' lang='grc' dir='ltr'><strong>Κ</strong></span> <span class='ocrx_word' id='word_1_211' title='bbox 977 3478 1233 3532; x_wconf 77' lang='lat' dir='ltr'><strong>intensius</strong></span> <span class='ocrx_word' id='word_1_212' title='bbox 1279 3478 1518 3544; x_wconf 75' lang='lat' dir='ltr'><strong>latescit,</strong></span> <span class='ocrx_word' id='word_1_213' title='bbox 1570 3478 1691 3533; x_wconf 87' lang='lat' dir='ltr'><strong>dein</strong></span> <span class='ocrx_word' id='word_1_214' title='bbox 1737 3483 1879 3550; x_wconf 80' lang='lat' dir='ltr'><strong>(post</strong></span> <span class='ocrx_word' id='word_1_215' title='bbox 1912 3481 2122 3550; x_wconf 88' lang='lat' dir='ltr'><strong>aliquod</strong></span> <span class='ocrx_word' id='word_1_216' title='bbox 2156 3480 2386 3550; x_wconf 78' lang='lat' dir='ltr'><strong>tempus)</strong></span> <span class='ocrx_word' id='word_1_217' title='bbox 2422 3479 2540 3549; x_wconf 89' lang='lat' dir='ltr'><strong>plus</strong></span> <span class='ocrx_word' id='word_1_218' title='bbox 2576 3478 2746 3530; x_wconf 83' lang='lat' dir='ltr'><strong>minus</strong></span> <span class='ocrx_word' id='word_1_219' title='bbox 2778 3477 2980 3532; x_wconf 84' lang='lat' dir='ltr'><strong>int-ense</strong></span> 
     </span>
     <span class='ocr_line' id='line_1_29' title="bbox 677 3551 2977 3637; baseline -0.001 -17"><span class='ocrx_word' id='word_1_220' title='bbox 677 3564 1170 3636; x_wconf 50' lang='lat' dir='ltr'><strong>sammon-nobem</strong></span> <span class='ocrx_word' id='word_1_221' title='bbox 1224 3551 1287 3620; x_wconf 78' lang='lat' dir='ltr'><strong>Cl</strong></span> <span class='ocrx_word' id='word_1_222' title='bbox 1306 3551 1369 3620; x_wconf 73' lang='lat'><strong>(31</strong></span> <span class='ocrx_word' id='word_1_223' title='bbox 1413 3581 1515 3618; x_wconf 91' lang='lat' dir='ltr'><strong>non</strong></span> <span class='ocrx_word' id='word_1_224' title='bbox 1557 3567 1805 3619; x_wconf 76' lang='lat' dir='ltr'><strong>mutatur.</strong></span> <span class='ocrx_word' id='word_1_225' title='bbox 1878 3565 2229 3637; x_wconf 82' lang='lat' dir='ltr'><strong>Hypothallus</strong></span> <span class='ocrx_word' id='word_1_226' title='bbox 2266 3569 2422 3620; x_wconf 73' lang='lat' dir='ltr'><strong>set-ate</strong></span> <span class='ocrx_word' id='word_1_227' title='bbox 2458 3563 2736 3618; x_wconf 86' lang='lat' dir='ltr'><strong>rimulosus</strong></span> <span class='ocrx_word' id='word_1_228' title='bbox 2772 3569 2829 3618; x_wconf 82' lang='lat' dir='ltr'><strong>et</strong></span> <span class='ocrx_word' id='word_1_229' title='bbox 2863 3580 2977 3634; x_wconf 78' lang='lat' dir='ltr'><strong>pas·</strong></span> 
     </span>
     <span class='ocr_line' id='line_1_30' title="bbox 678 3649 2978 3721; baseline -0.001 -14"><span class='ocrx_word' id='word_1_230' title='bbox 678 3654 778 3708; x_wconf 87' lang='lat' dir='ltr'><strong>sim</strong></span> <span class='ocrx_word' id='word_1_231' title='bbox 812 3654 1149 3708; x_wconf 86' lang='lat' dir='ltr'><strong>cinerascens.</strong></span> <span class='ocrx_word' id='word_1_232' title='bbox 1189 3682 1254 3691; x_wconf 90' lang='lat'>—</span> <span class='ocrx_word' id='word_1_233' title='bbox 1291 3650 1584 3721; x_wconf 84' lang='lat' dir='ltr'><strong>Apothecia</strong></span> <span class='ocrx_word' id='word_1_234' title='bbox 1616 3653 1854 3716; x_wconf 81' lang='grc' dir='ltr'>Ο,6-1,5</span> <span class='ocrx_word' id='word_1_235' title='bbox 1894 3668 2015 3705; x_wconf 90' lang='lat' dir='ltr'><strong>mm.</strong></span> <span class='ocrx_word' id='word_1_236' title='bbox 2053 3652 2189 3715; x_wconf 81' lang='lat' dir='ltr'><strong>lata,</strong></span> <span class='ocrx_word' id='word_1_237' title='bbox 2229 3651 2490 3705; x_wconf 79' lang='lat' dir='ltr'><strong>interdum</strong></span> <span class='ocrx_word' id='word_1_238' title='bbox 2516 3649 2775 3720; x_wconf 84' lang='lat' dir='ltr'><strong>rugulosa.</strong></span> <span class='ocrx_word' id='word_1_239' title='bbox 2831 3649 2978 3704; x_wconf 84' lang='lat' dir='ltr'><strong>Exci-</strong></span> 
     </span>
     <span class='ocr_line' id='line_1_31' title="bbox 679 3724 2979 3810; baseline -0.001 -15"><span class='ocrx_word' id='word_1_240' title='bbox 679 3741 857 3810; x_wconf 90' lang='lat' dir='ltr'><strong>pulum</strong></span> <span class='ocrx_word' id='word_1_241' title='bbox 911 3739 1126 3794; x_wconf 84' lang='lat' dir='ltr'><strong>obscure</strong></span> <span class='ocrx_word' id='word_1_242' title='bbox 1180 3724 1252 3808; x_wconf 93' lang='grc' dir='ltr'><strong>(Κ</strong></span> <span class='ocrx_word' id='word_1_243' title='bbox 1295 3736 1623 3805; x_wconf 80' lang='lat' dir='ltr'><strong>distinctius)</strong></span> <span class='ocrx_word' id='word_1_244' title='bbox 1678 3738 2301 3809; x_wconf 75' lang='lat' dir='ltr'><strong>atrqpurpureo-nigrum.</strong></span> <span class='ocrx_word' id='word_1_245' title='bbox 2382 3737 2764 3807; x_wconf 81' lang='lat' dir='ltr'><strong>Hypothecium</strong></span> <span class='ocrx_word' id='word_1_246' title='bbox 2813 3737 2979 3792; x_wconf 79' lang='lat' dir='ltr'><strong>fusce-</strong></span> 
     </span>
     <span class='ocr_line' id='line_1_32' title="bbox 680 3822 2974 3896; baseline -0.001 -16"><span class='ocrx_word' id='word_1_247' title='bbox 680 3827 1101 3896; x_wconf 71' lang='lat' dir='ltr'><strong>acenti-nigrum.</strong></span> <span class='ocrx_word' id='word_1_248' title='bbox 1187 3824 1515 3894; x_wconf 80' lang='lat' dir='ltr'><strong>Paraphyses</strong></span> <span class='ocrx_word' id='word_1_249' title='bbox 1565 3829 1708 3880; x_wconf 77' lang='lat' dir='ltr'><strong>arcte</strong></span> <span class='ocrx_word' id='word_1_250' title='bbox 1761 3824 2150 3895; x_wconf 76' lang='lat' dir='ltr'><strong>conglutinatae.</strong></span> <span class='ocrx_word' id='word_1_251' title='bbox 2213 3825 2415 3894; x_wconf 82' lang='lat' dir='ltr'><strong>apicem</strong></span> <span class='ocrx_word' id='word_1_252' title='bbox 2471 3840 2649 3877; x_wconf 81' lang='lat' dir='ltr'><strong>versus</strong></span> <span class='ocrx_word' id='word_1_253' title='bbox 2703 3822 2974 3893; x_wconf 78' lang='lat' dir='ltr'><strong>fuligiueo-</strong></span> 
     </span>
     <span class='ocr_line' id='line_1_33' title="bbox 680 3898 2973 3982; baseline -0 -16"><span class='ocrx_word' id='word_1_254' title='bbox 680 3914 841 3982; x_wconf 80' lang='lat' dir='ltr'><strong>uigrae</strong></span> <span class='ocrx_word' id='word_1_255' title='bbox 893 3930 942 3967; x_wconf 83' lang='lat' dir='ltr'><strong>v.</strong></span> <span class='ocrx_word' id='word_1_256' title='bbox 999 3911 1648 3982; x_wconf 80' lang='lat' dir='ltr'><strong>fuligineo—smaragdulae‚</strong></span> <span class='ocrx_word' id='word_1_257' title='bbox 1720 3898 1769 3965; x_wconf 89' lang='grc' dir='ltr'><strong>Κ</strong></span> <span class='ocrx_word' id='word_1_258' title='bbox 1821 3928 1923 3965; x_wconf 90' lang='lat' dir='ltr'><strong>non</strong></span> <span class='ocrx_word' id='word_1_259' title='bbox 1977 3915 2217 3976; x_wconf 72' lang='lat' dir='ltr'><strong>mutatae,</strong></span> <span class='ocrx_word' id='word_1_260' title='bbox 2278 3910 2397 3981; x_wconf 48' lang='lat' dir='ltr'><strong>Noa</strong></span> <span class='ocrx_word' id='word_1_261' title='bbox 2453 3909 2973 3965; x_wconf 76' lang='lat' dir='ltr'><strong>roseo-violascentes.</strong></span> 
     </span>
     <span class='ocr_line' id='line_1_34' title="bbox 683 3995 2975 4069; baseline -0.001 -17"><span class='ocrx_word' id='word_1_262' title='bbox 683 3999 803 4053; x_wconf 80' lang='lat' dir='ltr'><strong>Asci</strong></span> <span class='ocrx_word' id='word_1_263' title='bbox 855 3999 1063 4053; x_wconf 78' lang='lat' dir='ltr'><strong>clavati.</strong></span> <span class='ocrx_word' id='word_1_264' title='bbox 1136 3999 1309 4069; x_wconf 86' lang='lat' dir='ltr'><strong>Sporae</strong></span> <span class='ocrx_word' id='word_1_265' title='bbox 1361 4002 1584 4063; x_wconf 79' lang='lat' dir='ltr'><strong>octonae,</strong></span> <span class='ocrx_word' id='word_1_266' title='bbox 1650 3996 1988 4067; x_wconf 80' lang='lat' dir='ltr'><strong>ellipsoideae‚</strong></span> <span class='ocrx_word' id='word_1_267' title='bbox 2051 4000 2293 4068; x_wconf 81' lang='lat' dir='ltr'><strong>utrinque</strong></span> <span class='ocrx_word' id='word_1_268' title='bbox 2345 3998 2568 4061; x_wconf 70' lang='lat' dir='ltr'><strong>obtusae,</strong></span> <span class='ocrx_word' id='word_1_269' title='bbox 2623 3995 2794 4052; x_wconf 88' lang='lat' dir='ltr'><strong>medio</strong></span> <span class='ocrx_word' id='word_1_270' title='bbox 2846 4013 2975 4067; x_wconf 80' lang='lat' dir='ltr'><strong>saepe</strong></span> 
     </span>
     <span class='ocr_line' id='line_1_35' title="bbox 682 4082 2970 4156; baseline -0 -16"><span class='ocrx_word' id='word_1_271' title='bbox 682 4086 912 4156; x_wconf 83' lang='lat' dir='ltr'><strong>paullum</strong></span> <span class='ocrx_word' id='word_1_272' title='bbox 966 4087 1286 4148; x_wconf 75' lang='lat' dir='ltr'><strong>constrictas,</strong></span> <span class='ocrx_word' id='word_1_273' title='bbox 1348 4083 1555 4140; x_wconf 90' lang='lat' dir='ltr'><strong>demum</strong></span> <span class='ocrx_word' id='word_1_274' title='bbox 1620 4084 1962 4155; x_wconf 78' lang='lat' dir='ltr'><strong>nigricanteS‚</strong></span> <span class='ocrx_word' id='word_1_275' title='bbox 2022 4083 2207 4139; x_wconf 84' lang='lat' dir='ltr'><strong>halone</strong></span> <span class='ocrx_word' id='word_1_276' title='bbox 2273 4083 2383 4137; x_wconf 80' lang='lat' dir='ltr'><strong>lato</strong></span> <span class='ocrx_word' id='word_1_277' title='bbox 2435 4100 2568 4155; x_wconf 72' lang='lat' dir='ltr'><strong>saepe</strong></span> <span class='ocrx_word' id='word_1_278' title='bbox 2620 4082 2970 4150; x_wconf 68' lang='lat' dir='ltr'><strong>circumdatus,</strong></span> 
     </span>
     <span class='ocr_line' id='line_1_36' title="bbox 679 4170 2968 4242; baseline -0 -15"><span class='ocrx_word' id='word_1_279' title='bbox 679 4177 976 4242; x_wconf 80' lang='lat'>0‚018--28</span> <span class='ocrx_word' id='word_1_280' title='bbox 1023 4191 1148 4228; x_wconf 89' lang='lat' dir='ltr'><strong>mm.</strong></span> <span class='ocrx_word' id='word_1_281' title='bbox 1189 4172 1356 4242; x_wconf 80' lang='lat' dir='ltr'><strong>longae</strong></span> <span class='ocrx_word' id='word_1_282' title='bbox 1401 4175 1457 4226; x_wconf 83' lang='lat' dir='ltr'><strong>et</strong></span> <span class='ocrx_word' id='word_1_283' title='bbox 1502 4174 1796 4235; x_wconf 82' lang='lat'>0,009-15</span> <span class='ocrx_word' id='word_1_284' title='bbox 1835 4188 1957 4226; x_wconf 89' lang='lat' dir='ltr'><strong>mm.</strong></span> <span class='ocrx_word' id='word_1_285' title='bbox 1998 4188 2192 4225; x_wconf 81' lang='lat' dir='ltr'><strong>crassae.</strong></span> <span class='ocrx_word' id='word_1_286' title='bbox 2265 4170 2398 4226; x_wconf 86' lang='lat' dir='ltr'><strong>Jodo</strong></span> <span class='ocrx_word' id='word_1_287' title='bbox 2435 4172 2637 4226; x_wconf 77' lang='lat' dir='ltr'><strong>intense</strong></span> <span class='ocrx_word' id='word_1_288' title='bbox 2674 4170 2968 4226; x_wconf 76' lang='lat' dir='ltr'><strong>caeruloseit.</strong></span> 
     </span>
    </p>
   </div>
   <div class='ocr_carea' id='block_1_12' title="bbox 681 4273 2971 4610">
    <p class='ocr_par' dir='ltr' id='par_1_14' title="bbox 681 4273 2971 4610">
     <span class='ocr_line' id='line_1_37' title="bbox 820 4273 2969 4345; baseline -0.001 -14"><span class='ocrx_word' id='word_1_289' title='bbox 820 4276 932 4332; x_wconf 77' lang='lat' dir='ltr'><strong>obs.</strong></span> <span class='ocrx_word' id='word_1_290' title='bbox 976 4278 1018 4331; x_wconf 90' lang='grc' dir='ltr'><strong>Ι.</strong></span> <span class='ocrx_word' id='word_1_291' title='bbox 1090 4277 1332 4331; x_wconf 88' lang='lat' dir='ltr'><strong>Formam</strong></span> <span class='ocrx_word' id='word_1_292' title='bbox 1379 4275 1709 4332; x_wconf 85' lang='lat' dir='ltr'><strong>recedentem</strong></span> <span class='ocrx_word' id='word_1_293' title='bbox 1762 4279 1940 4331; x_wconf 78' lang='lat' dir='ltr'><strong>crusta</strong></span> <span class='ocrx_word' id='word_1_294' title='bbox 1982 4275 2176 4345; x_wconf 85' lang='lat' dir='ltr'><strong>passim</strong></span> <span class='ocrx_word' id='word_1_295' title='bbox 2213 4275 2617 4337; x_wconf 76' lang='lat' dir='ltr'><strong>substraminea‚</strong></span> <span class='ocrx_word' id='word_1_296' title='bbox 2653 4273 2812 4343; x_wconf 79' lang='lat' dir='ltr'><strong>vulgo</strong></span> <span class='ocrx_word' id='word_1_297' title='bbox 2846 4279 2969 4329; x_wconf 82' lang='lat' dir='ltr'><strong>stra-</strong></span> 
     </span>
     <span class='ocr_line' id='line_1_38' title="bbox 681 4360 2971 4433; baseline 0 -16"><span class='ocrx_word' id='word_1_298' title='bbox 681 4364 879 4418; x_wconf 90' lang='lat' dir='ltr'><strong>mineo-</strong></span> <span class='ocrx_word' id='word_1_299' title='bbox 916 4379 964 4416; x_wconf 84' lang='lat' dir='ltr'><strong>v.</strong></span> <span class='ocrx_word' id='word_1_300' title='bbox 1011 4363 1642 4426; x_wconf 78' lang='lat' dir='ltr'><strong>viridulo-cinerascente‚</strong></span> <span class='ocrx_word' id='word_1_301' title='bbox 1699 4363 1887 4418; x_wconf 86' lang='lat' dir='ltr'><strong>areolis</strong></span> <span class='ocrx_word' id='word_1_302' title='bbox 1931 4366 2158 4417; x_wconf 82' lang='lat' dir='ltr'><strong>crustam</strong></span> <span class='ocrx_word' id='word_1_303' title='bbox 2205 4363 2599 4433; x_wconf 78' lang='lat' dir='ltr'><strong>subcontiguam</strong></span> <span class='ocrx_word' id='word_1_304' title='bbox 2635 4360 2971 4417; x_wconf 81' lang='lat' dir='ltr'><strong>formantibus</strong></span> 
     </span>
     <span class='ocr_line' id='line_1_39' title="bbox 681 4447 2970 4521; baseline -0 -16"><span class='ocrx_word' id='word_1_305' title='bbox 681 4450 1150 4520; x_wconf 80' lang='lat' dir='ltr'><strong>hypothallumque</strong></span> <span class='ocrx_word' id='word_1_306' title='bbox 1183 4450 1485 4521; x_wconf 83' lang='lat' dir='ltr'><strong>tegentibus</strong></span> <span class='ocrx_word' id='word_1_307' title='bbox 1520 4449 1587 4503; x_wconf 89' lang='lat' dir='ltr'><strong>ad</strong></span> <span class='ocrx_word' id='word_1_308' title='bbox 1623 4450 1963 4506; x_wconf 80' lang='lat' dir='ltr'><strong>Mortensnaes</strong></span> <span class='ocrx_word' id='word_1_309' title='bbox 1997 4450 2310 4504; x_wconf 82' lang='lat' dir='ltr'><strong>Finmarkiae</strong></span> <span class='ocrx_word' id='word_1_310' title='bbox 2344 4450 2581 4520; x_wconf 85' lang='lat' dir='ltr'><strong>legimus.</strong></span> <span class='ocrx_word' id='word_1_311' title='bbox 2652 4447 2970 4504; x_wconf 78' lang='lat' dir='ltr'><strong>Nominanda</strong></span> 
     </span>
     <span class='ocr_line' id='line_1_40' title="bbox 683 4523 2153 4610; baseline -0.001 -18"><span class='ocrx_word' id='word_1_312' title='bbox 683 4537 721 4592; x_wconf 87' lang='lat' dir='ltr'><strong>f.</strong></span> <span class='ocrx_word' id='word_1_313' title='bbox 762 4536 1073 4592; x_wconf 70' lang='lat' dir='ltr'><strong>lmlzbunda.</strong></span> <span class='ocrx_word' id='word_1_314' title='bbox 1145 4523 1196 4591; x_wconf 89' lang='grc' dir='ltr'><strong>Κ</strong></span> <span class='ocrx_word' id='word_1_315' title='bbox 1230 4539 1406 4592; x_wconf 80' lang='lat' dir='ltr'><strong>crusta</strong></span> <span class='ocrx_word' id='word_1_316' title='bbox 1438 4537 1643 4593; x_wconf 76' lang='lat' dir='ltr'><strong>intense</strong></span> <span class='ocrx_word' id='word_1_317' title='bbox 1680 4538 2153 4610; x_wconf 83' lang='lat' dir='ltr'><strong>sanguineo-rubet.</strong></span> 
     </span>
    </p>
   </div>
  </div>
 </body>
</html>
