3177 5011
654 456 1014 525 tavei-imus,
1104 458 1344 525 Addere
1388 460 1573 526 modo
1628 461 1830 540 lubet,
1890 461 2118 525 mirum
2169 480 2315 527 sane.
2362 463 2592 541 videri,
2654 462 2842 528 etiam
2887 461 3004 527 ul-

656 563 829 627 timis
874 564 1255 647 temporibus
1302 565 1612 629 exstitisse
1659 567 1973 641 auctores,
2015 566 2120 647 qui
2151 585 2288 630 eam
2319 568 2397 631 ob
2430 585 2707 632 caussam
2743 566 3006 649 plantas

658 664 1005 730 lichenibus
1061 685 1256 750 neque
1313 669 1803 751 ascomycetibus
1858 668 2327 750 adscripserint,
2388 670 2549 752 quod
2596 670 2659 733 in
2703 668 3003 752 partibus

659 768 949 832 arborum
997 770 1157 834 vivis
1215 788 1323 833 nec
1385 772 1684 835 emortuis
1741 771 2149 835 inveniantur.
2242 772 2437 839 Obliti
2490 791 2635 835 sane
2693 773 2838 835 sunt
2893 769 3007 834 illi

657 871 1021 954 scriptoreS,
1076 870 1299 955 fungos
1353 874 1543 937 etiam
1598 873 1765 938 foliis
1825 874 1983 939 vivis
2043 892 2107 938 se
2160 893 2340 956 posse
2399 875 2652 958 affigere
2672 922 2687 950 ,
2746 874 3003 956 pestem

657 977 1045 1057 mortemque
1091 975 1323 1057 plantis
1369 974 1655 1041 ferentes,

824 1128 905 1191 11.
998 1128 1230 1192 Mirum
1276 1127 1484 1194 forsan
1528 1130 1840 1208 videatur,
1885 1131 2221 1196 Lichenum
2281 1131 2543 1196 classem
2601 1150 2732 1196 esse
2779 1151 3000 1197 serva-

657 1232 786 1295 tam
833 1230 1122 1315 illiusque
1165 1230 1583 1297 definitionem
1615 1235 1949 1310 tentatam,
1985 1254 2354 1317 quamquam
2391 1234 2734 1299 doctissimi
2765 1234 3000 1298 iidem-

659 1352 775 1416 que
822 1334 882 1397 in
933 1336 1241 1399 anatomia
1287 1336 1622 1418 vegetabili
1677 1336 2038 1419 peritissimi
2098 1336 2214 1401 viri
2273 1339 2360 1420 (v.
2410 1354 2460 1399 c.
2510 1336 3000 1414 Schwendener,

654 1437 728 1500 A.
778 1436 852 1501 de
899 1437 1094 1522 Bary)
1157 1438 1574 1503 demonstrare
1635 1440 1838 1503 conati
1901 1442 2072 1513 sunt,
2119 1439 2271 1504 talia
2316 1439 2690 1521 vegetabilia
2736 1439 2798 1502 in
2855 1441 3000 1502 toto

658 1539 801 1604 orbe
849 1541 1095 1604 omnino
1143 1559 1262 1605 non
1308 1559 1440 1605 esse
1487 1542 1754 1626 propria.
1845 1542 1999 1606 Tam
2049 1542 2112 1605 in
2158 1539 2548 1605 encheiridiis
2594 1541 2894 1606 botanicis
2921 1541 3000 1624 ¹³)

657 1661 843 1724 quam
890 1643 952 1706 in
998 1642 1175 1707 libris
1220 1643 1297 1706 ad
1343 1661 1591 1707 sensum
1640 1642 1998 1727 popularem
2061 1644 2502 1728 vulgaremque
2556 1643 2996 1707 accommoda-

652 1743 735 1806 tis
759 1744 859 1828 **)
928 1744 1058 1808 haec
1127 1745 1433 1809 sententia
1502 1747 1822 1829 tamquam
1878 1747 2135 1831 jamjam
2194 1747 2472 1811 stabilita
2526 1764 2721 1828 neque
2782 1744 3000 1808 dubiis

654 1846 913 1912 obnoxia
968 1848 1349 1932 proponitur.
1441 1848 1739 1913 Lichenes
1797 1849 2089 1913 nimirum
2145 1869 2265 1913 non
2325 1850 2451 1913 sint
2502 1849 2765 1932 propriae
2823 1848 2996 1911 inte-

654 1966 901 2032 graeque
955 1949 1211 2033 plantae,
1272 1950 1378 2014 sed
1437 1951 1627 2015 variae
1685 1950 1966 2033 algarum
2019 1951 2287 2034 specieS,
2334 1970 2371 2016 a
2413 1950 2763 2035 parasiticis
2810 1968 2994 2013 asco-

654 2052 1000 2135 mycetibus
1045 2052 1311 2136 undique
1358 2052 1572 2117 cinctae
1619 2056 1801 2137 atque
1848 2053 2242 2119 absconditae.
2334 2052 2546 2132 Qualis
2591 2053 2833 2141 theoria
2877 2072 2992 2116 ve-

656 2152 832 2217 ritati
877 2154 1230 2238 naturaeque
1277 2154 1453 2220 nobis
1509 2156 1757 2221 videtur
1814 2156 2060 2221 omnino
2115 2175 2455 2241 repugnare
2516 2174 2740 2240 neque,
2788 2175 2991 2239 quan—

653 2258 787 2320 tum
828 2256 1077 2335 scimus,
1117 2258 1277 2322 inter
1312 2257 1725 2342 Iichenoloyos
1758 2258 2084 2324 hodiernos
2119 2279 2487 2343 quemquam
2510 2258 2745 2323 invenit
2779 2257 2992 2322 fauto-

652 2378 804 2422 rem.
897 2359 946 2423 E
995 2360 1304 2425 contrario
1350 2359 1477 2425 Cel.
1532 2361 1592 2425 N
1594 2361 1850 2446 ylander
1896 2361 2065 2425 illins
2110 2361 2431 2425 veritatem
2480 2361 2813 2425 fortissime
2861 2361 2989 2424 im-

649 2461 982 2544 pugnavit;
1052 2464 1223 2547 cujus
1279 2463 1549 2528 auctoris
1619 2464 1964 2548 opinionem
2022 2463 2268 2528 omnino
2337 2461 2802 2546 amplectimur,
2862 2464 2987 2529 etsi

651 2564 921 2628 rationes
988 2565 1064 2629 ab
1131 2566 1240 2631 illo
1312 2567 1520 2633 allatae
1582 2585 1780 2649 neque
1839 2565 2212 2630 sufficientes
2279 2583 2472 2647 neque
2533 2585 2755 2649 graves
2809 2567 2989 2631 vide-

649 2668 832 2731 antur
856 2666 1012 2751 ***).

790 2835 841 2906 *)
879 2836 1066 2892 ”Nach
1101 2838 1204 2893 den
1241 2841 1495 2893 neuesten
1530 2836 2004 2907 Untersuchungen
2042 2835 2468 2892 Schwendener’s
2505 2836 2643 2891 kann
2679 2855 2736 2892 es
2769 2837 2985 2893 keinem

648 2920 860 2976 Zweifel
904 2924 1054 2977 mehr
1097 2925 1455 2995 unterliegen‚
1507 2924 1629 2980 dass
1674 2924 1760 2980 die
1804 2924 2062 2979 Flechten
2097 2924 2250 2979 echte
2286 2924 2433 2978 Pilze
2468 2926 2587 2994 (ans
2623 2924 2716 2979 der
2750 2925 2984 2979 Abthei-

647 3006 778 3077 lung
813 3008 906 3063 der
940 3010 1344 3081 Ascomyceten)
1381 3011 1525 3071 sind,
1564 3011 1650 3066 die
1687 3011 1802 3064 sich
1838 3008 2002 3064 durch
2038 3011 2193 3065 einen
2234 3011 2656 3080 merkwiirdigen
2690 3011 2981 3066 Parasitis—

645 3111 761 3148 mus
793 3098 1181 3153 auszeichnen”
1221 3098 1431 3167 (Sachs,
1469 3097 1662 3153 Lehrb.
1700 3097 1751 3151 d.
1788 3097 2005 3162 Rotam,
2044 3096 2226 3152 Zweit.
2265 3096 2403 3151 Aufl.
2442 3115 2495 3168 p.
2536 3098 2679 3167 254).

748 3176 761 3182 ’
787 3182 869 3252 ”)
906 3183 970 3237 V.
1011 3201 1056 3239 c.
1093 3184 1353 3248 Haeckel,
1393 3184 1603 3238 Natiirl.
1644 3183 2151 3254 Schopfungsgesch.
2189 3201 2242 3253 p.
2281 3183 2403 3237 416.

748 3267 862 3338 “‘)
898 3267 959 3321 In
994 3270 1204 3333 notula,
1246 3269 1685 3324 ”Animadversio
1719 3268 1783 3324 de
1818 3270 2024 3323 theoria
2057 3268 2390 3339 gonidiorum
2424 3264 2758 3338 algologica”
2791 3266 2978 3335 (Flora

615 3344 783 3406 ‚1870
819 3372 870 3424 p.
911 3356 1003 3423 52)
1038 3356 1318 3426 inscripta,
1358 3357 1667 3427 primarium
1701 3357 2094 3425 argumentum,
2135 3370 2238 3424 quo
2273 3354 2383 3408 hoec
2419 3354 2626 3408 theoria
2668 3352 2968 3418 refellatur,

640 3440 893 3509 quaeritur
945 3441 1000 3495 in
1056 3441 1234 3496 ”sorte
1269 3459 1394 3497 sane
1431 3444 1624 3497 misera
1659 3445 1715 3498 et
1757 3441 1922 3496 flebili
1937 3441 1982 3505 ,”
2037 3457 2150 3511 quae
2207 3440 2311 3494 ”iis
2353 3442 2565 3511 organis
2599 3440 2876 3510 (gonidiis)
2911 3441 2968 3495 in

606 3569 609 3572 Α
640 3527 823 3581 mundi
859 3526 1201 3583 fabricatione
1238 3528 1601 3599 contigisset.”
1675 3528 1876 3598 ”Algas
1919 3528 2172 3582 sisterent
2215 3526 2453 3581 infelices
2499 3526 2872 3590 tenebricolas,
2911 3527 2968 3581 in

638 3630 844 3668 carcere
881 3614 1260 3684 angustissimo
1295 3614 1539 3669 detentas
1575 3616 1822 3684 omnique
1859 3614 2108 3668 libertate
2144 3617 2429 3668 autonoma
2472 3614 2628 3668 modo
2673 3616 2968 3667 ceterarum

638 3699 891 3770 Algarum
944 3701 1156 3755 vivendi
1209 3700 1469 3756 orbatas.”
1520 3734 1582 3742 —
1632 3701 1756 3768 Quae
1799 3701 1863 3756 de
1910 3701 2142 3756 tenebris
2187 3700 2241 3753 h.
2289 3700 2325 3753 l.
2375 3700 2690 3761 afferuntur,
2747 3700 2965 3753 minime

637 3802 750 3840 esse
785 3803 936 3852 vera,
974 3804 1003 3842 e
1039 3790 1295 3857 proventu
1334 3786 1684 3859 chlorophylli
1716 3789 1827 3858 jam
1873 3791 2040 3858 patet.
2114 3787 2289 3841 Minus
2331 3792 2584 3857 praeterea
2626 3786 2741 3840 luce
2779 3786 2966 3839 orbata

608 3865 761 3925 ‘sunt
796 3872 1034 3942 gonidia,
1072 3873 1317 3944 pertenui
1354 3877 1524 3929 strato
1560 3876 1798 3931 corticali
1835 3875 1943 3930 fere
1980 3873 2133 3929 modo
2170 3876 2338 3935 tecta,
2386 3889 2543 3941 quam
2581 3872 2713 3942 algae
2750 3874 2804 3926 in
2841 3888 2963 3942 pro-

635 3957 797 4012 fundo
836 3960 995 4013 maris
1032 3961 1159 4029 (etsi
1194 3977 1298 4015 non
1334 3961 1538 4031 infimo)
1592 3965 1758 4018 vitam
1794 3963 2073 4031 degentes3
2113 3961 2274 4014 vastoe
2310 3959 2549 4029 algarum
2590 3959 2964 4029 giganteamm

634 4045 802 4109 silvas,
850 4062 964 4115 quae
1008 4046 1078 4100 ad
1122 4064 1241 4102 oras
1285 4049 1725 4117 septentrionales
1768 4047 2058 4102 insularum
2102 4045 2582 4117 Spitsbergensium
2628 4061 2720 4115 per
2764 4045 2963 4099 multos

634 4146 769 4201 saepe
815 4147 979 4184 annos
1027 4135 1274 4204 contiguo
1313 4134 1740 4204 crassissimoque
1777 4134 1966 4204 glaciei
2003 4133 2242 4201 nivisque
2287 4131 2521 4202 tegmine
2568 4130 2634 4186 ab
2671 4132 2814 4185 omni
2850 4130 2961 4186 fere

634 4217 750 4271 luce
789 4222 913 4272 sunt
949 4220 1191 4284 exclusae,
1232 4221 1398 4275 nihilo
1436 4223 1609 4276 minus
1643 4221 1763 4275 laete
1812 4219 2010 4288 vigent.
2096 4218 2242 4273 Idem
2288 4234 2493 4288 quoque
2543 4219 2686 4273 valet
2727 4218 2783 4271 in
2828 4217 2959 4272 Sar-

629 4305 751 4358 cina
788 4306 1070 4359 venem-uli
1081 4346 1095 4373 ,
1130 4308 1186 4360 in
1224 4307 1498 4361 intestinis
1535 4307 1778 4362 humanis
1811 4305 2022 4359 vivendi
2047 4305 2218 4359 locum
2243 4305 2518 4374 diligente.
2548 4336 2611 4346 -—
2638 4304 2796 4358 Aliud
2834 4320 2958 4357 con-

629 4394 715 4445 tra
752 4390 776 4414 ”
791 4390 1022 4446 fabulam
1058 4397 1322 4449 recentem
1360 4394 1648 4449 absonam”
1684 4396 2053 4463 argumentum
2095 4391 2152 4444 in
2188 4406 2250 4444 eo
2284 4391 2560 4445 inventum
2584 4392 2790 4453 censet,
2817 4389 2960 4460 quod

627 4477 767 4557 apud
803 4479 1153 4555 Gyrophoras
1190 4482 1468 4537 ”centrum
1504 4478 1925 4554 physiologicum
1959 4493 2136 4542 suum,
2175 4493 2280 4549 quo
2315 4477 2483 4532 oritur
2523 4475 2612 4531 vel
2656 4476 2958 4532 elaboratur
