3177 5011
1794 333 1834 400 8

653 484 916 554 videtur.
1007 488 1169 555 ”Die
1234 488 1670 575 Entwicklung
1735 488 1846 555 der
1911 486 2216 556 Gonidien
2229 489 2284 569 ”,
2351 488 2583 574 inquit,
2642 488 2802 557 ”ans
2859 487 2992 556 den

653 591 988 660 Endzellen
1031 592 1251 657 kurzer
1292 594 1649 672 Faseraste‚
1680 594 1766 659 ist
1799 594 1957 659 noch
1985 612 2103 659 von
2136 594 2522 660 Niemanden
2550 593 2987 659 beobaehtet.”

654 694 1200 763 observationibus
1244 698 1439 781 igitur
1482 718 1603 763 non
1648 698 1850 763 solum
1891 698 2019 762 suis
2063 696 2258 781 ipsius
2276 746 2291 775 ,
2339 697 2445 763 sed
2491 697 2682 762 etiam
2713 696 2992 763 aliorum

652 802 1003 876 auctorum,
1050 820 1294 865 omnem
1346 801 1532 866 fidem
1578 802 1860 885 denegat.
1927 800 2179 867 Remuli
2224 800 2355 885 (die
2402 798 2790 885 Stielzellen)
2834 818 2986 865 cum

653 903 919 987 gonidiis
945 904 1075 987 jam
1107 907 1286 969 antea
1315 906 1477 970 natis
1512 904 1992 988 '’copulatione”
2024 905 2157 968 tum
2190 903 2394 967 essent
2414 903 2616 985 juncti
2650 923 2838 987 eaque
2869 923 2983 969 co-

649 1005 887 1089 pula-tio
933 1006 1213 1072 alimenti
1257 1010 1605 1092 raptionem
1647 1009 1974 1091 spectaret.
2063 1006 2149 1071 At
2181 1007 2318 1071 tum
2351 1006 2688 1070 attentione
2732 1007 2983 1071 videtur

651 1108 904 1191 dignum
925 1158 939 1187 ‚
985 1111 1222 1175 tantam
1265 1109 1480 1175 adesse
1526 1110 1950 1175 diversitatem
1995 1109 2157 1175 inter
2188 1108 2460 1173 indolem
2503 1109 2684 1194 hujus
2727 1109 2987 1193 myeelii

649 1210 1034 1295 aliorumque
1077 1212 1408 1296 fungorum
1468 1213 1961 1298 parasiticorum.
2050 1212 2196 1278 Non
2241 1211 2403 1277 enim
2449 1211 2602 1276 adeo
2647 1211 2988 1278 clementia

647 1315 791 1378 sunt
836 1315 1099 1381 aliorum
1155 1317 1559 1401 myceliorum
1615 1317 1963 1393 filamenta,
2025 1317 2098 1380 ut
2163 1315 2555 1380 membrana-s
2609 1314 2981 1381 cellularum

646 1414 874 1499 plantae
916 1418 1245 1484 nutrientis
1288 1439 1409 1485 non
1454 1418 1769 1504 perforent
1820 1418 1919 1484 vel
1973 1419 2195 1484 saltem
2252 1418 2380 1484 illis
2431 1418 2861 1503 irregulariter
2910 1438 2979 1485 se

647 1519 975 1602 applicent.
1076 1521 1260 1605 Apud
1313 1523 1585 1588 lichenes
1639 1522 1870 1606 singuli
1924 1540 2166 1606 semper
2235 1522 2461 1587 ramuli
2506 1521 2751 1605 singula
2796 1523 2980 1605 goni-

647 1620 749 1686 dia
805 1622 1105 1706 juvenilia
1170 1625 1418 1710 petunt,
1496 1629 1661 1690 certo
1732 1625 1869 1689 loco
1930 1625 2301 1709 affiguntur,
2369 1625 2604 1708 gonidii
2671 1625 2982 1709 simplicis

646 1726 1070 1791 membranam
1111 1749 1239 1793 non
1282 1732 1656 1811 penetrant,
1703 1727 1844 1792 ante
1888 1727 2255 1794 divisionem
2300 1726 2535 1811 gonidii
2586 1749 2805 1793 ramos
2848 1750 2984 1794 non

644 1829 957 1907 emittunt,
1024 1831 1088 1896 in
1154 1831 1599 1896 ramificatione
1660 1830 1909 1895 demum
1978 1836 2214 1895 certam
2270 1830 2462 1912 leyem
2526 1830 2617 1915 (v.
2688 1850 2740 1895 c.
2810 1832 2982 1916 apud

655 1928 1245 2017 Omphalariaceos)
1275 1934 1489 1999 stricte
1520 1933 1782 1998 servant.
1833 1930 2045 2010 Qualis
2079 1932 2451 2015 regularitas
2481 1934 2545 1997 et
2579 1932 2979 2011 abstinentia,

647 2033 814 2098 omni
857 2033 1039 2099 laude
1084 2034 1317 2118 dignae,
1363 2036 1525 2119 apud
1565 2035 1829 2120 mycelia
1861 2035 2190 2117 fungorum
2223 2053 2367 2099 sane
2399 2036 2543 2101 sunt
2571 2039 2976 2122 necopinatae.

817 2135 965 2215 Quae
1012 2137 1145 2222 jam
1198 2137 1552 2216 attulimus,
1607 2157 1725 2203 non
1785 2139 1876 2203 ita
1919 2138 2202 2203 volumus
2249 2140 2530 2221 accepta,
2577 2158 2649 2204 ac
2694 2141 2748 2205 si
2794 2141 2977 2225 plan-

644 2239 741 2303 tas
785 2241 1177 2323 parasiticae,
1223 2240 1302 2305 ad
1346 2241 1707 2307 hodiernam
1753 2240 2150 2324 ”Algarum”
2197 2241 2516 2306 cohortem
2558 2244 2974 2326 pertinenteS,

642 2343 803 2425 apud
858 2342 1128 2408 lichenes
1183 2362 1304 2408 non
1358 2343 1667 2409 interdum
1727 2343 1990 2408 inveniri
2043 2342 2504 2407 contendamus.
2606 2342 2767 2423 Quin
2821 2366 2974 2412 con-

638 2447 739 2511 tra
804 2446 976 2512 nulla
1041 2445 1389 2512 audivimus
1454 2448 1852 2531 argumenta,
1918 2464 2054 2530 quae
2121 2445 2196 2510 ad
2261 2444 2661 2513 refellendam
2727 2449 2972 2534 opinio-

640 2567 781 2613 nem
827 2553 1101 2614 nost-ram
1147 2549 1366 2634 (Flora
1414 2551 1578 2615 1866
1625 2569 1685 2633 p.
1739 2552 1814 2614 17
1864 2551 1929 2614 et
1972 2548 2178 2632 sequ.)
2225 2548 2540 2615 sufficiunt
2583 2551 2659 2616 de
2704 2552 2974 2620 diversis

640 2652 1105 2735 ”gonidiorum”
1152 2652 1512 2734 generibus,
1549 2671 1685 2734 quae
1715 2653 1780 2716 in
1820 2650 2220 2717 Stereocaulo
2249 2652 2575 2718 ramulosa
2610 2656 2968 2738 speciebus-

638 2773 756 2837 que
809 2754 1097 2819 affinibus
1154 2754 1396 2820 adsunt.
1486 2752 1859 2838 Analysibus
1926 2754 2052 2819 fere
2120 2754 2458 2819 innumeris
2525 2756 2699 2835 freti,
2767 2759 2972 2825 adhue

637 2855 946 2922 affirmare
1003 2858 1325 2934 audemus,
1387 2857 1418 2888 ”
1437 2857 1846 2939 cephalodia”
1903 2856 2123 2922 harum
2178 2856 2532 2940 plantarum
2590 2877 2722 2923 esse
2779 2861 2968 2928 modo

637 2961 1082 3025 excrescentias
1125 2959 1446 3037 fortuitas,
1493 2961 1849 3037 abnormeS,
1895 2961 2245 3037 morbosaS,
2292 2978 2362 3023 ex
2408 2958 2569 3042 algis
2613 2961 2867 3028 inclusis
2897 2966 2967 3029 et

635 3063 944 3146 insignem
989 3063 1356 3129 evolutionis
1400 3064 1621 3129 seriem
1666 3063 2082 3148 praebentibus
2127 3069 2506 3146 provocatas.
2536 3100 2616 3112 —-
2651 3066 2968 3132 Praeterea

636 3165 971 3230 verisimile
995 3166 1260 3244 videtur,
1281 3167 1482 3231 varias
1502 3166 1876 3249 ”Algarum”
1895 3165 2222 3231 hodiernas
2241 3164 2509 3230 familias
2532 3169 2964 3236 tantummodo

633 3286 667 3331 e
712 3267 979 3350 gonidiis
1022 3268 1334 3332 lichenum
1378 3268 1573 3333 libere
1619 3269 1972 3352 vigentibus
2017 3286 2151 3331 esse
2196 3268 2565 3334 constitutas
2608 3271 2869 3355 ideoque
2926 3292 2964 3337 e

634 3371 965 3453 systemate
1033 3370 1469 3446 excludendas;
1546 3371 2006 3437 observationes
2073 3368 2617 3437 celeberrimorum
2682 3374 2962 3440 virorum

632 3473 1008 3550 Famintzin,
1065 3472 1449 3559 Baranetzky
1502 3476 1567 3539 et
1632 3475 1951 3538 Hermann
2006 3472 2356 3556 Itzigsolm,
2417 3469 2558 3539 aliis
2615 3476 2961 3544 rationibus

631 3577 926 3654 suffultae,
973 3575 1211 3641 abunde
1258 3575 1712 3654 demonstrant,
1757 3595 1934 3660 posse
1980 3576 2230 3659 gonidia
2274 3576 2583 3642 lichenum
2619 3579 2842 3662 hyphis
2877 3581 2957 3645 li-

629 3677 841 3743 berata
884 3679 996 3744 sub
1041 3678 1350 3762 prosperis
1395 3678 1845 3744 conditionibus
1883 3679 2076 3744 vitam
2109 3697 2383 3754 servare,
2419 3681 2635 3763 augeri
2678 3685 2743 3746 et
2786 3685 2957 3748 vario

626 3782 808 3847 modo
865 3781 1311 3847 transformari.
1402 3782 1708 3846 Accurato
1766 3781 2086 3864 tenacique
2155 3781 2359 3846 studio
2426 3781 2616 3864 digna
2674 3787 2769 3848 est
2823 3784 2956 3849 haec

626 3884 1017 3968 gonidiorum
1070 3883 1360 3950 evolutio.
1462 3884 1710 3968 Insigne
1766 3887 1831 3949 et
1880 3885 1966 3968 (si
2020 3886 2226 3948 ratum
2294 3884 2673 3968 invenietur)
2731 3904 2954 3951 novam

628 4005 814 4050 aeram
870 3985 995 4051 fere
1050 3984 1316 4050 condens
1373 3985 1692 4052 inventum
1745 3985 1901 4052 Celti
1955 3986 2303 4052 Famintzin
2359 3986 2437 4051 ad
2479 3986 2776 4052 ulteriora
2820 3991 2950 4052 stu·

627 4090 728 4154 dia
770 4089 1081 4163 hortatum
1129 4089 1400 4172 cognitio
1457 4091 1824 4155 evolutionis
1882 4108 2341 4173 zoosporarum‚
2402 4109 2552 4173 quas
2609 4089 2716 4155 ille
2762 4091 2948 4168 vidit,

625 4191 908 4256 omnibus
955 4192 1027 4255 de
1076 4210 1223 4256 vera
1263 4191 1573 4257 lichenum
1619 4193 1840 4256 natura
1884 4191 2318 4257 controversiis
2362 4192 2544 4256 finem
2579 4192 2785 4256 forsan
2829 4193 2946 4256 im-

621 4296 824 4377 ponet.
914 4294 1087 4359 Idem
1157 4314 1395 4378 quoque
1464 4295 1583 4359 dici
1651 4293 1848 4378 possit
1905 4294 1978 4358 de
2046 4296 2350 4360 sententia
2405 4295 2510 4359 cl:i
2567 4295 2949 4379 Baranetzky

623 4396 894 4461 nondum
939 4396 1185 4462 aliunde
1232 4397 1539 4473 stabilita,
1587 4415 1723 4479 quae
1768 4396 2070 4476 affirmat,
2117 4399 2369 4482 gonidia
2411 4416 2588 4482 posse
2628 4397 2948 4462 filamenta

623 4498 927 4564 emittere.
