3177 5011
1817 278 1896 347 14

692 437 900 499 manto,
938 453 967 491 e
1003 433 1213 491 fibrinis
1248 434 1616 507 subparallelis
1651 437 2112 508 longitudinaliter
2146 435 2441 494 arctissime
2475 434 2868 508 conglutinatis
2896 454 3051 493 oom-

689 524 889 593 posito,
929 526 984 594 2)
1020 526 1275 578 extersere
1308 524 1658 579 arachnoideo
1672 566 1687 592 ,
1722 542 1751 579 e
1793 526 2003 580 fibrillis
2039 525 2155 581 laxe
2191 525 2458 579 intricatis
2491 529 2784 580 constante.
2870 525 3052 581 Goni-

690 610 780 664 dia
813 611 869 665 in
905 615 1054 681 parte
1090 612 1347 666 exteriore
1383 613 1540 665 strati
1576 613 1916 668 arachnoidei
1951 616 2208 685 praecipue
2254 613 2536 683 disposita,
2576 630 2759 667 zonam
2796 613 3051 667 subcon-

691 700 893 768 tiguam
934 698 1233 752 formantia.
1305 696 1541 751 Stratum
1580 699 1827 753 corticale
1863 704 1946 752 sat
1982 700 2197 769 fragile,
2226 700 2567 753 transversim
2593 700 2750 770 vulgo
2775 704 3047 772 ruptum3

691 785 867 855 apices
913 801 1092 838 versus
1137 784 1196 854 (i.
1236 801 1282 837 e.
1320 785 1375 837 in
1412 784 1566 838 thalli
1615 785 1853 854 partibus
1892 786 2211 856 junioribus)
2256 786 2487 847 fibrium,
2537 786 2727 855 quibus
2761 788 3051 842 formatur

690 870 789 926 hoc
842 875 1067 925 stratum
1083 911 1096 933 ,
1151 871 1441 942 paralleloe;
1496 873 1554 925 in
1605 871 1844 943 partibus
1897 872 2053 927 thalli
2107 873 2457 928 adultioribus
2510 872 2887 942 irregulariter
2939 874 3049 927 im·

689 957 869 1027 plem.
914 987 974 997 —-
1014 956 1230 1011 Soredia
1273 958 1638 1029 pulverulenta
1684 957 1824 1013 hand
1868 976 1985 1014 raro
2029 963 2258 1014 stratum
2302 958 2549 1013 corticale
2588 959 2949 1029 dirumpunt;
2989 960 3047 1014 in

688 1044 807 1115 ipsa
841 1047 1009 1098 matre
1046 1044 1306 1115 explicata
1340 1044 1570 1099 ramulos
1606 1044 1892 1099 sorediales
1926 1049 2171 1116 patentes
2207 1062 2344 1116 saepe
2388 1045 2635 1100 formant.
2709 1044 2823 1110 Qua
2864 1046 2947 1101 de
2992 1064 3048 1101 re

687 1131 1140 1185 accuratissimam
1192 1131 1429 1186 conferas
1480 1130 1888 1202 descriptionem
1944 1129 2079 1186 Celzi
2129 1131 2510 1186 Schwendener
2562 1131 2797 1202 <Unters.
2836 1133 2948 1188 ub.
2988 1132 3045 1187 d.

689 1214 1030 1270 Flechtenth.
1068 1217 1158 1286 L).

828 1321 1123 1390 Apothecia
1158 1319 1404 1375 lateralia
1437 1336 1489 1374 v.
1526 1318 1950 1383 subterminalia‚
1990 1318 2220 1390 peltata,
2258 1321 2494 1392 margine
2519 1322 2746 1377 thallino
2771 1339 2923 1392 saepe
2955 1339 3047 1376 ra-

688 1406 846 1461 mulis
882 1407 1092 1473 ciliato;
1131 1407 1309 1461 discus
1345 1406 1513 1461 thallo
1545 1405 1788 1460 concolor
1824 1407 1908 1460 vel
1944 1406 2188 1462 discolor.
2258 1407 2650 1479 Hypothecium
2672 1409 2723 1479 ‘)
2759 1409 3044 1462 incolora—

688 1497 830 1559 tum,
871 1495 1180 1565 impositum
1216 1497 1385 1549 strato
1421 1510 1449 1547 e
1486 1491 1696 1546 flbrillis
1744 1491 1860 1546 laxe
1904 1493 2173 1548 intricatis
2209 1498 2452 1550 contexto
2487 1494 2803 1567 gonidiaque
2845 1494 3043 1547 conti·

688 1581 861 1644 nenti,
901 1583 1039 1636 inter
1071 1581 1447 1652 hypothecium
1472 1583 1527 1634 et
1552 1581 1722 1632 strato
1747 1579 1985 1634 corticali
2008 1581 2193 1635 lateris
2217 1583 2481 1652 apothecii
2507 1582 2768 1637 inferioris
2792 1580 3039 1634 intruso.

687 1667 940 1723 Thecium
987 1673 1174 1735 tenue;
1221 1667 1541 1740 paraphyses
1583 1670 1728 1720 arcte
1774 1667 2121 1730 cohaerentes3
2170 1668 2277 1721 asci
2323 1668 2554 1739 parvuli,
2593 1667 2805 1722 clavati.
2883 1668 2927 1723 J
2927 1667 3040 1722 odo

686 1756 924 1826 gelatiua
959 1756 1169 1826 hymen.
1209 1754 1517 1809 coerulescit.

825 1860 1210 1929 Spemoyom‘a
1244 1858 1538 1920 rarissima,
1577 1854 1850 1923 lateralia,
1885 1871 1919 1908 a
1953 1853 2123 1910 thallo
2160 1858 2305 1911 tecta
2339 1856 2632 1925 leviterque
2668 1855 3038 1927 protuberan-

685 1948 789 2011 tia3
827 1947 1139 2018 sterigmata
1174 1943 1534 2015 subsimplicia
1569 1943 1654 1997 vel
1690 1942 2153 2013 pauciarticulata,
2191 1942 2449 1996 immixtis
2484 1942 2771 1997 fllamentis
2803 1948 3038 1996 anasto-

686 2034 1037 2099 mosantibus;
1092 2032 1382 2104 spermatis
1432 2032 1603 2092 recta,
1660 2027 2280 2099 cylindrioo-acieularia,
2331 2028 2482 2082 basin
2526 2046 2708 2084 versus
2750 2029 3034 2085 levissime

684 2122 993 2176 incrassata.

827 2222 941 2278 obs.
1015 2218 1117 2288 Qui
1154 2218 1310 2288 hujus
1346 2218 1555 2289 generis
1591 2220 1776 2272 auctor
1811 2218 1885 2272 sit
1919 2216 2191 2282 citandus,
2236 2219 2468 2274 dubium.
2542 2220 2748 2275 Nomen
2803 2221 3030 2283 ΠΜ,

686 2326 715 2364 e
761 2308 1011 2363 vocabulo
1057 2308 1266 2362 arabico
1313 2305 1511 2360 achne‘h
1562 2323 1606 2358 s.
1651 2306 1856 2360 ‹ze-lmen
1900 2305 2222 2369 derivatum,
2269 2307 2325 2360 in
2368 2308 2650 2363 botanicen
2694 2309 2900 2378 primus
2941 2308 3032 2361 in·

680 2396 923 2451 troduxit
958 2394 1017 2449 C.
1054 2393 1353 2457 Bauhinns,
1391 2392 1626 2445 lichenes
1661 2391 1998 2446 fruticnlosos
2032 2390 2301 2457 arboreos,
2338 2398 2400 2448 ut
2436 2393 2670 2457 videtur,
2707 2395 3028 2465 respiciens,

686 2481 906 2539 Generis
940 2498 1063 2536 vero
1098 2479 1312 2535 notione
1354 2478 1411 2534 in
1448 2495 1504 2534 re
1548 2479 1792 2535 herbaria
1837 2497 1871 2535 a
1914 2477 2230 2534 Tournefort
2273 2479 2429 2549 (Inst.
2466 2481 2541 2535 rei
2577 2481 2725 2536 herb.
2766 2511 2827 2521 —
2853 2481 3032 2550 1700)

684 2570 929 2633 fundata,
966 2570 1167 2640 primus
1202 2567 1301 2621 hoc
1337 2567 1547 2621 nomine
1584 2585 1709 2622 usus
1746 2570 1829 2622 est
1863 2565 2152 2629 Dillenius,
2190 2569 2252 2620 ut
2286 2565 2543 2621 Lichenes
2567 2585 2748 2623 omnes
2774 2567 3029 2624 filamen·

684 2659 828 2711 tosos
864 2655 1205 2725 significaret.
1278 2653 1432 2708 Illius
1466 2654 1635 2724 igitur
1669 2670 1883 2716 nomen,
1922 2651 2207 2707 secundum
2242 2654 2473 2709 rationes
2509 2671 2541 2708 a
2564 2655 2714 2709 nobis
2740 2660 3024 2725 acceptas,

681 2744 737 2798 in
774 2742 1078 2813 parenthesi
1114 2745 1197 2796 est
1233 2740 1520 2796 citandum.
1593 2740 1882 2795 Limitibus
1918 2739 2090 2793 adhuc
2125 2739 2325 2809 agnitis
2361 2741 2452 2810 qui
2487 2741 2688 2811 primus
2722 2741 2822 2795 hoc
2847 2757 3027 2811 genus

686 2829 1181 2899 circumscripserit,
1219 2828 1367 2882 vario
1403 2827 1557 2882 modo
1581 2829 1649 2883 ab
1673 2827 1977 2882 auctoribus
2001 2825 2317 2891 indicatum,
2342 2828 2436 2881 alii
2470 2827 2610 2881 enim
2634 2827 2893 2892 Persoon,
2924 2830 3029 2885 alii

685 2915 967 2969 Hoffmann
1002 2915 1319 2971 attulerunt.
1390 2914 1494 2969 Hic
1529 2931 1654 2969 vero
1690 2914 1908 2969 minime
1943 2915 2028 2967 est
2058 2912 2326 2977 citandus,
2356 2914 2448 2983 qui
2482 2913 2586 2967 huc
2620 2914 2866 2969 retulerit
2901 2932 3026 2970 om-

681 3017 777 3057 nes
813 3003 1038 3074 species,
1075 3002 1215 3073 apud
1251 3018 1382 3072 quas
1417 3002 1613 3056 adsunt
1649 3001 1896 3058 ”frondes
1931 3000 2086 3055 lorea
2121 3000 2206 3056 vel
2239 2999 2619 3055 filamentosoe”
2662 3001 2701 3054 i.
2739 3016 2787 3055 e.
2823 3007 3027 3071 proter

690 3088 896 3143 Usneas
929 3091 1138 3142 nostras
1172 3089 1501 3158 Alecton'as,
1538 3090 1835 3144 an-niam
1859 3088 2165 3156 vaspium,
2201 3087 2455 3156 Effiebm
2487 3104 2534 3141 e.
2575 3104 2619 3141 s.
2656 3105 2710 3157 p.
2779 3088 3023 3144 Persoon

682 3191 807 3230 vero
842 3176 1075 3246 respexit
1108 3176 1264 3232 modo
1299 3176 1501 3246 species
1537 3176 1817 3230 ”scutellis
1859 3174 2097 3244 margine
2142 3173 2287 3229 toliis
2330 3173 2667 3229 filiformibus
2710 3177 3021 3231 coronatis”

682 3277 726 3315 s.
772 3261 1029 3330 Usneam,
1072 3263 1281 3316 excluso
1324 3262 1705 3331 Neumpoyine
1748 3261 1859 3315 Fw.
1906 3265 1964 3316 et
2000 3260 2142 3316 Nees
2177 3277 2228 3315 v.
2270 3259 2462 3315 Esenb.
2499 3260 2760 3316 Acharius
2796 3263 3021 3319 demum

679 3348 942 3402 limitibus
984 3348 1040 3402 in
1083 3348 1183 3403 hoc
1226 3348 1474 3419 opusculo
1518 3349 1748 3419 receptis
1799 3347 2031 3402 Umeam
2072 3347 2502 3417 circumscripsit.
2574 3346 2678 3401 Hic
2721 3349 2893 3418 igitur
2928 3355 3020 3406 est

679 3434 947 3499 citandus,
1003 3435 1096 3505 qui
1148 3434 1513 3506 Neuropoqon
1564 3451 1660 3506 pro
1712 3433 1967 3488 distincto
2001 3450 2192 3504 genere
2246 3433 2472 3498 habent,
2509 3434 2742 3490 Persoon
2786 3437 3022 3493 afferant

682 3523 971 3576 auctorem.
3136 3535 3138 3540 ⁴

1366 3662 1423 3723 1.
1513 3665 1583 3724 U.
1657 3663 2119 3727 LONGISSIMA
2185 3666 2330 3726 Ach.

852 3776 1111 3845 Thallus
1158 3777 1603 3862 longissimus,
1644 3781 1980 3865 pendulus,
2024 3804 2152 3849 non
2195 3782 2327 3868 (vel
2366 3781 2762 3867 parcissime)
2794 3804 3014 3851 ramo-

678 3899 824 3960 εαε,
880 3881 1156 3946 ramulis
1210 3883 1452 3947 crebris
1518 3885 1914 3967 sinmlicibus
1966 3886 2340 3969 patentibus
2404 3885 2677 3963 obsituS,
2732 3887 3012 3954 cinereo-

681 3985 989 4049 virescens
1034 4004 1092 4051 v.
1139 3984 1679 4052 subochroleucuS.

819 4137 871 4206 ⁶)
909 4137 1057 4203 Quod
1093 4139 1402 4194 vocabulum
1440 4139 1626 4196 eodem
1660 4157 1816 4197 sensu
1852 4140 1908 4195 in
1944 4140 2043 4195 hoc
2078 4140 2325 4211 opusculo
2350 4141 2648 4197 adhibitum
2672 4146 2756 4198 est
2779 4160 2841 4197 ac
2868 4144 3009 4215 apud

676 4221 953 4294 plerosque
990 4224 1348 4297 lichenologos
1383 4227 1689 4290 hodiernos,
1717 4228 1753 4281 i.
1781 4244 1827 4282 e.
1868 4227 2254 4297 ”Excipulnm”
2292 4232 2348 4284 et
2384 4229 3010 4299 ”Subhymenialschicht

675 4307 1113 4380 (Hypotheciumz
1159 4310 1469 4383 Fuisting)”
1516 4312 1649 4369 Celti
1696 4314 1760 4369 de
1805 4312 1946 4384 Bary
1990 4313 2272 4385 (Morphol.
2311 4314 2417 4369 und
2463 4315 2700 4386 Physiol.
2740 4316 2793 4370 d.
2833 4317 3003 4382 Pilze,

674 4395 884 4450 Flecht.
922 4400 1025 4451 etc.
1064 4414 1117 4469 p.
1158 4399 1284 4468 278)
1321 4400 1663 4471 amplectens.
1719 4399 1845 4467 Quae
1880 4403 2052 4455 strata
2086 4400 2462 4473 distinguenda
2495 4420 2634 4467 esse,
2673 4404 2890 4459 minime
2916 4423 3005 4463 ne-

673 4483 859 4553 gatum
894 4481 1181 4549 voluimus,
1221 4483 1312 4541 sed
1349 4485 1403 4539 in
1438 4484 1735 4544 lichenibus
1771 4487 2125 4545 dasenbendns
2160 4489 2379 4544 minoris
2415 4493 2541 4546 sunt
2575 4492 2848 4546 momenti.
