3177 5011
1323 329 1363 393 9

342 482 462 548 111.
553 481 789 549 Nostra
832 482 906 548 de
950 481 1262 551 lichenum
1306 487 1527 552 natura
1559 486 1692 571 jam
1738 484 1870 551 sine
1914 484 2281 571 ambagibus
2312 502 2504 551 enun-

160 586 329 652 tiata
372 586 693 671 opinione,
740 589 936 653 restat
977 587 1273 653 nonnulla
1316 589 1391 654 de
1427 591 1828 673 systematica
1858 608 2069 655 eorum
2101 589 2505 674 dispositione

164 690 416 755 afferre.
509 687 710 768 Quam
753 709 886 756 rem
932 691 1222 774 gordium
1243 693 1570 776 ·quendam
1617 693 1891 776 praebere
1922 692 2182 770 nodum,
2218 711 2504 757 numero-

164 793 423 858 sissima
481 796 790 860 testantur
843 797 1184 878 systemata
1229 796 1360 879 jam
1424 797 1742 881 proposita
1757 845 1772 875 ,
1828 814 2091 880 quorum
2143 797 2352 861 tamen
2404 797 2508 862 vix

164 897 376 963 ullum
432 898 764 963 veritatem
816 898 1138 965 invenerit.
1239 898 1462 965 Omnia
1515 900 1897 977 examinare,
1956 899 2180 963 merita
2234 900 2507 983 vitiaque

164 1000 431 1065 illorum
477 1001 541 1065 in
583 1001 787 1067 lucem
828 1002 1104 1086 proferre
1121 1051 1136 1080 ,
1181 1001 1438 1086 longum
1497 1006 1623 1080 est-3
1685 1005 1956 1069 rationes
2012 1004 2236 1087 igitur,
2283 1004 2507 1089 quibus

166 1123 333 1169 nova
378 1104 602 1170 nititur
659 1105 1017 1183 methoduS‚
1064 1124 1246 1188 quam
1294 1106 1411 1172 hoc
1455 1106 1597 1172 loco
1648 1106 1985 1191 periclitati
2042 1126 2283 1185 sumus,
2329 1106 2508 1172 nobis

163 1205 606 1272 tantummodo
672 1207 738 1272 in
804 1208 1013 1274 animo
1068 1210 1165 1273 est
1221 1208 1544 1293 explicare.
1636 1210 1845 1285 Hanc,
1903 1211 1984 1275 ab
2038 1211 2322 1276 omnibus
2365 1209 2507 1275 aliis

164 1310 335 1375 haud
383 1329 602 1394 parum
646 1310 1064 1389 recedentem,
1108 1312 1397 1395 plurimis
1442 1312 1851 1395 lichenologis
1884 1332 2018 1378 esse
2049 1313 2469 1398 diplicituram
2488 1361 2504 1391 ,

164 1413 439 1498 perbene
484 1413 743 1491 scimus3
790 1436 865 1481 ne
910 1417 1086 1481 illam
1132 1414 1262 1478 sine
1318 1415 1673 1481 discrimine
1730 1415 2041 1498 rejiciant,
2088 1418 2356 1501 petimus
2400 1432 2503 1480 ro-

166 1534 538 1600 gamusque.
627 1518 971 1602 Repentino
1017 1518 1182 1584 enim
1226 1518 1558 1603 fugacique
1604 1519 1862 1585 arbitrio
1911 1538 2032 1583 non
2077 1520 2262 1585 debet
2309 1518 2501 1602 origi-

162 1640 345 1695 nem;
409 1619 624 1685 decem
667 1622 798 1704 jam
857 1640 1048 1685 annos
1105 1620 1262 1686 hanc
1332 1622 1797 1705 dispositionem
1864 1622 2071 1687 animo
2125 1622 2505 1688 versavimus

164 1722 474 1806 illamque
538 1724 601 1788 in
678 1722 811 1787 dies
883 1723 1085 1807 magis
1140 1726 1343 1789 ratam
1400 1725 1683 1791 videmur
1749 1725 2075 1790 invenisse.
2183 1724 2505 1790 Judicium

165 1826 395 1893 saltem
453 1825 730 1900 differas,
784 1825 844 1890 b.
891 1825 969 1901 l.,
1026 1825 1216 1891 donec
1261 1826 1507 1891 finitum
1551 1828 1674 1893 erit
1726 1828 1843 1894 hoc
1887 1827 2102 1894 libello
2148 1828 2507 1895 inchoatum

165 1948 356 2014 opus,
409 1931 512 2005 ut,
570 1930 770 2013 qualis
822 1927 1159 1994 secundum
1213 1930 1481 1996 rationes
1539 1932 1826 2015 acceptas
1879 1931 1963 1996 sit
2026 1932 2502 2016 uniuscujusque

165 2032 415 2114 generis
483 2031 655 2096 locus
721 2030 1152 2115 systematicus
1169 2081 1184 2110 ,
1241 2036 1622 2117 compertum
1682 2033 1909 2100 habeas
1930 2082 1946 2112 ,
2003 2035 2370 2100 sententiam
2427 2035 2503 2101 de

165 2134 284 2200 hac
326 2153 396 2198 re
442 2133 666 2200 ferens.

341 2238 599 2302 Plantas
644 2237 749 2322 qni
800 2236 932 2301 vult
985 2238 1221 2302 naturae
1276 2257 1459 2322 quam
1515 2240 1783 2304 maxime
1837 2241 2246 2323 congruenter
2290 2241 2499 2323 dispo-

166 2360 347 2418 nere,
406 2359 652 2406 necesse
707 2343 804 2406 est
855 2340 1231 2405 differentias
1291 2343 1564 2409 omnium
1622 2342 2071 2426 praecipuorum
2127 2362 2503 2427 organorum

167 2444 482 2529 respiciat.
573 2442 794 2510 Omnia
839 2461 981 2509 vero
1028 2462 1148 2508 non
1199 2444 1474 2529 ejusdum
1523 2448 1783 2531 possunt
1828 2466 1959 2513 esse
1996 2447 2293 2513 momenti
2327 2447 2498 2512 ideo-

168 2570 287 2634 que
345 2548 558 2613 ”idem
616 2547 886 2630 pretium
942 2548 1444 2613 taxonomicum”
1499 2569 1622 2615 non
1679 2550 1971 2616 debemus
2025 2551 2154 2615 illis
2210 2551 2498 2615 tribuere.

170 2651 346 2731 Quod
393 2651 501 2735 qui
546 2652 832 2727 conatur,
878 2649 1083 2732 legem
1127 2650 1364 2734 logices
1413 2652 1679 2737 despicit
1723 2656 2032 2720 vetantem
2052 2703 2067 2732 ,
2111 2673 2187 2718 ne
2217 2653 2500 2737 pluribus

167 2755 493 2839 principiis
536 2753 773 2818 nitatur
815 2771 1194 2836 unaquaeque
1239 2753 1480 2819 divisio.
1560 2755 1677 2820 Est
1720 2756 1882 2821 enim
1929 2759 2203 2841 systema
2245 2757 2501 2822 conatus

171 2877 270 2934 ea,
316 2878 455 2942 quae
499 2857 961 2923 observavimus
1006 2857 1442 2941 compertaque
1487 2856 1814 2934 habemus,
1878 2860 2059 2925 modo
2103 2859 2338 2925 ratione
2382 2858 2497 2923 hu-

172 2979 353 3025 mana.
396 2959 588 3042 digno
628 2957 704 3042 (i.
752 2977 804 3023 e.
853 2958 1188 3023 secundum
1235 2959 1472 3042 logices
1517 2962 1858 3048 praecepta)
1916 2962 2276 3047 disponendi
2331 2961 2498 3026 ordi-

171 3062 497 3145 nandique.
588 3059 791 3137 Quum
857 3061 1052 3144 igitur
1117 3062 1180 3126 in
1247 3064 1582 3146 systemate
1640 3064 1954 3130 condendo
2010 3066 2218 3131 omnia
2268 3083 2501 3147 organa

171 3163 290 3227 sint
347 3161 763 3245 respicienda,
818 3163 881 3227 id
940 3164 1030 3228 ita
1081 3164 1263 3230 modo
1321 3165 1455 3230 fieri
1513 3167 1753 3249 potest,
1809 3167 1879 3231 ut
1931 3167 2099 3232 aliud
2145 3169 2287 3251 post
2328 3165 2499 3231 aliud

172 3266 428 3349 (neque,
499 3267 879 3349 repugnante
946 3266 1184 3332 ratione
1241 3267 1537 3345 humana,
1605 3288 1725 3338 una
1781 3269 1913 3334 vice
1970 3270 2175 3335 omnia
2220 3268 2496 3354 juncta),

173 3368 507 3433 secundum
574 3369 1047 3455 uniuscujusque
1093 3370 1219 3435 vim
1274 3373 1697 3458 pretiumque,
1753 3359 2126 3457 principium
2180 3372 2500 3438 divisionis

173 3470 459 3554 praebeat.
999 3464 1005 3470 ’

337 3573 530 3659 Cujus
574 3574 665 3639 rei
710 3575 1038 3640 veritatem
1083 3574 1210 3640 fere
1265 3594 1476 3640 omnes
1534 3577 1816 3642 auctores
1869 3596 2260 3660 perspexere3
2310 3597 2499 3660 quum

175 3696 341 3755 vere,
390 3678 494 3742 cui
536 3696 767 3761 organo
822 3680 1016 3764 major
1071 3679 1347 3744 minorve
1405 3679 1500 3743 vis
1556 3681 1955 3765 systematica
2004 3682 2089 3746 sit
2140 3681 2497 3760 tribuenda,

176 3780 353 3846 fuerit
399 3780 900 3864 disceptandum,
944 3781 1199 3867 plurimi
1247 3781 1610 3849 dissensere.
1700 3783 1829 3848 Alii
1873 3782 2170 3860 thallum,
2203 3783 2313 3848 alii
2344 3802 2495 3868 apo-

178 3884 376 3949 thecia
440 3884 559 3948 cet.
608 3884 860 3948 maximi
916 3885 1224 3961 fecerunt,
1273 3888 1459 3969 atque
1528 3886 1617 3952 ita
1684 3905 1909 3969 magna
1977 3885 2118 3960 illa,
2174 3906 2308 3969 quae
2366 3888 2497 3972 jam

177 3988 399 4061 exstat,
446 3986 852 4071 systematum
902 3987 1086 4051 turba
1129 3991 1342 4053 exorta
1390 3991 1501 4054 est.
1593 3990 1682 4054 Ex
1727 3989 1823 4054 his
1870 3987 2108 4052 nullum
2155 3990 2326 4055 vitiis
2359 4010 2493 4056 om-

179 4089 307 4155 nino
355 4108 599 4163 carere,
645 4090 806 4154 inter
851 4110 1061 4155 omnes
1108 4094 1381 4165 constat;
1437 4094 1680 4156 tantum
1727 4108 1967 4174 quoque
2014 4090 2222 4170 abest,
2270 4096 2339 4157 ut
2383 4112 2493 4158 no-

182 4211 343 4269 vum,
390 4191 552 4274 quod
601 4210 758 4257 nunc
801 4193 1232 4277 proponimuS,
1279 4213 1410 4258 esse
1456 4195 1532 4259 ab
1570 4194 1733 4260 omni
1771 4198 1946 4277 parte
1977 4194 2317 4277 perfectum
2350 4214 2493 4259 cen-

184 4312 439 4371 seamus,
487 4295 559 4359 ut
600 4294 754 4359 illud
799 4296 975 4359 novis
1020 4296 1244 4360 studiis
1289 4297 1419 4361 fore
1464 4299 1810 4362 correctum
1872 4299 2054 4380 atque
2100 4297 2493 4363 emendatum

185 4415 503 4481 speremus.

338 4501 396 4566 N
403 4520 471 4566 ec
526 4520 598 4566 eo
654 4500 855 4567 secius
907 4519 1028 4565 non
1079 4500 1499 4567 dubitavimus
1566 4504 1839 4586 systema
1892 4501 1957 4566 in
2006 4500 2211 4566 lucem
2261 4502 2491 4587 produ-

189 4622 306 4671 cere
320 4653 336 4685 ,
410 4605 586 4690 cujus
652 4604 857 4689 prima
921 4604 1141 4669 divisio
1212 4604 1620 4688 ,qonidiorum
1698 4606 1954 4670 diversa
2032 4609 2275 4670 natura
2341 4606 2492 4671 niti-
