3177 5011
1709 364 1836 441 410

1203 541 1305 606 33.
1395 538 1749 606 LECIDEA
1806 539 2024 624 (Aah.)
2079 537 2192 603 Th.
2250 536 2353 601 Fr.

793 694 1049 760 Thallus
1095 702 1489 776 mustaceus,
1543 697 1710 760 totus
1768 692 2226 777 squamulosus,
2286 688 2521 753 ambitu
2579 684 2953 768 effiguratus

619 798 718 864 vel
762 798 1083 862 uniformis
1128 803 1510 877 mustacem,
1557 799 1867 863 substrato
1912 795 2138 879 hyphis
2182 790 2638 856 medullaribus
2671 786 2949 859 adfixus;

618 901 943 984 apothecis
998 902 1302 966 biatorina
1357 903 1456 968 vel
1512 901 1844 975 lecideina;
1903 917 2100 982 sporae
2146 894 2498 976 simplice-9,
2545 890 2952 964 incoloratoe,

609 1025 839 1088 paucae
880 1005 1248 1090 (saepissime
1295 1007 1503 1091 Stnae).

757 1125 895 1195 Syn.
968 1124 1206 1178 Lecideae
1238 1141 1318 1193 sp.
1356 1124 1482 1178 Ach.
1521 1123 1686 1178 Meth.
1724 1121 1910 1188 (1803)
1950 1137 1999 1189 p.
2038 1119 2131 1180 32,
2180 1116 2335 1170 Univ.
2373 1131 2428 1184 p.
2466 1113 2564 1172 32,
2615 1111 2733 1180 Syn.
2773 1126 2821 1178 p.
2863 1108 2954 1159 11.

759 1214 992 1281 Deseruit.
1067 1212 1292 1265 Thallus
1337 1212 1503 1266 forma
1538 1211 1690 1265 valde
1737 1207 2020 1264 variabilis.
2094 1203 2306 1273 Optime
2347 1199 2588 1254 evolutus
2624 1196 2956 1251 constitutus

619 1302 704 1353 est
739 1316 768 1354 e
805 1299 1038 1368 squamis
1075 1300 1262 1353 crassis
1299 1300 1379 1353 vel
1420 1297 1858 1360 membranacei8‚
1911 1288 2346 1348 adscendentibus
2364 1328 2377 1351 ,
2416 1286 2601 1340 subtus
2636 1287 2807 1337 strato
2834 1298 2957 1334 cor-

620 1386 767 1441 ticali
805 1387 1121 1456 persistente
1156 1403 1205 1440 v.
1242 1386 1454 1457 dirupto
1491 1387 1831 1440 evanescente
1869 1381 2053 1444 tectis;
2100 1377 2337 1431 infimum
2374 1370 2688 1429 evolutionis
2723 1367 2953 1439 gradum

621 1474 819 1544 praebet
873 1472 1071 1526 thallus
1125 1471 1573 1542 hypophloeodeS.
1632 1489 1701 1526 ex·
1748 1470 1940 1541 bypbis
1996 1469 2135 1521 inter
2178 1464 2335 1518 fibras
2381 1461 2584 1530 ligneas
2630 1455 2958 1523 cellulasque

622 1559 835 1613 corticis
880 1558 1211 1628 serpentibus
1263 1559 1699 1627 gonidiorumque
1746 1555 2051 1628 glomerulis
2101 1553 2380 1611 formatus,
2428 1545 2638 1603 omnino
2675 1540 2959 1597 abscondi-

622 1648 710 1698 tus
765 1662 816 1698 v.
864 1645 920 1698 in
967 1643 1170 1697 soredia
1204 1645 1399 1712 passim
1445 1644 1793 1700 efflorescens.
1867 1642 2038 1713 Vulgo
2073 1643 2251 1694 tamen
2288 1641 2372 1691 est
2409 1631 2735 1690 uniformiter
2771 1644 2960 1682 verru-

623 1748 774 1786 cosus
809 1732 894 1785 vel
929 1731 1206 1786 areolatuS.
1267 1731 1421 1785 Color
1456 1731 1739 1787 admodum
1776 1729 2074 1792 variabilis;
2112 1723 2450 1796 hypothallus
2472 1733 2609 1772 uunc
2634 1713 2919 1769 distinctus
2941 1753 2958 1777 ,

621 1834 756 1871 nunc
794 1818 1029 1886 (soepins)
1065 1818 1236 1871 minus
1273 1816 1504 1873 evidens,

764 1903 1092 1972 Cephalodia
1118 1921 1234 1958 raro
1261 1903 1439 1968 obvim
1479 1905 1543 1960 de
1581 1919 1800 1974 quorum
1833 1904 2021 1955 natura
2044 1897 2279 1952 conferas
2302 1893 2440 1948 infra
2469 1890 2564 1945 sub
2590 1889 2656 1942 L.
2679 1886 2958 1956 panaeola.

763 1991 1056 2060 Apothecia
1092 1990 1250 2061 vulgo
1285 1990 1481 2046 adnata
1515 2007 1563 2043 v.
1604 1990 1833 2053 sessilia‚
1883 1988 2050 2041 rarius
2098 1983 2267 2038 thallo
2303 1981 2631 2035 substratove
2676 1975 2958 2038 immersa,

621 2079 884 2132 rarissime
938 2078 1171 2132 breviter
1224 2077 1314 2132 sed
1362 2076 1615 2134 distincte
1650 2076 1994 2148 podicellata,
2046 2073 2165 2127 laste
2203 2069 2436 2124 colorata
2472 2064 2555 2119 vel
2590 2066 2731 2124 atra,
2771 2060 2963 2114 mollia

622 2183 669 2219 v.
708 2164 1036 2232 carbonacea.
1110 2162 1380 2230 Quomodo
1426 2165 1634 2218 varient
1678 2164 1855 2234 partes
1900 2162 2150 2225 internae,
2199 2157 2335 2211 infra
2370 2154 2644 2209 indicatur.
2684 2180 2753 2190 —
2786 2146 2959 2201 Aber-

626 2269 746 2306 rans
782 2253 1051 2323 apothecii
1088 2255 1352 2305 structura
1387 2251 1539 2306 adest
1574 2252 1630 2304 in
1665 2250 1731 2305 L.
1770 2248 2014 2303 trochode
2049 2261 2242 2314 suoque
2279 2243 2392 2296 loco
2428 2238 2754 2294 describitur.

767 2338 955 2407 sporae
1007 2338 1167 2408 vulgo
1227 2339 1387 2403 8:nae,
1445 2355 1562 2394 raro
1608 2337 1827 2404 singulte
1871 2352 1921 2389 v.
1968 2334 2133 2396 binae,
2178 2333 2233 2385 in
2269 2328 2449 2399 paucis
2484 2323 2754 2397 speciebus
2789 2321 2960 2375 etiam

626 2427 693 2479 12
715 2457 742 2465 -
764 2425 946 2479 162nae.

764 2512 1145 2582 Spermoyonia
1159 2553 1174 2580 ,
1213 2513 1303 2566 ubi
1341 2512 1478 2577 visa,
1527 2512 1778 2565 immersa
1822 2526 1871 2563 v.
1907 2503 2144 2561 nonnihil
2182 2499 2602 2574 protuberantia;
2641 2494 2959 2568 spermatio-

625 2619 740 2656 rum
777 2600 1248 2670 sterigmatumque
1282 2599 1453 2653 forma
1487 2599 1649 2652 varia.

765 2689 879 2744 obs.
931 2689 974 2743 l.
1061 2686 1144 2741 Ad
1192 2687 1552 2741 vastissimum
1606 2685 1850 2752 idemque
1902 2676 2180 2750 permultis
2233 2671 2526 2728 rationibus
2579 2667 2959 2724 difficillimum

620 2777 731 2846 jam
767 2773 1101 2846 pervenimus
1136 2790 1334 2844 genus,
1371 2774 1511 2827 inter
1547 2769 1941 2825 Archilichenes
1989 2766 2226 2820 centrum
2262 2759 2412 2829 quasi
2447 2757 2691 2811 formans,
2766 2753 2958 2808 Affini-

623 2866 792 2917 tatem
828 2877 946 2915 cum
980 2860 1296 2923 Lecanoraezs,
1336 2858 1567 2929 gonidiis
1608 2859 1663 2912 in
1689 2854 1924 2926 excipulo
1947 2849 2292 2924 praesentibus
2318 2847 2533 2900 tantum
2560 2842 2781 2898 diversis
2798 2881 2810 2903 ‚
2845 2839 2961 2908 jam

624 2948 820 3019 pluries
844 2947 1206 3009 indicavimuS‚
1234 2946 1324 3000 sed
1350 2946 1511 3001 etiam
1536 2945 1733 2999 arctius
1756 2942 1825 2997 ad
1848 2938 2098 2995 nonnulla
2120 2935 2487 2990 Buellieorum
2513 2946 2710 3001 genera
2734 2926 2959 2982 accedit.

625 3033 893 3103 Praecipue
928 3048 1045 3087 cum
1070 3033 1359 3088 Catillum
1384 3032 1730 3099 (Biatorina)
1755 3028 1864 3083 fere
1898 3027 2063 3081 nimia
2098 3023 2249 3078 adest
2284 3018 2650 3090 congruentior,
2690 3016 2854 3070 etiam
2890 3013 2959 3067 ad

625 3120 992 3175 Biarorellam
1026 3123 1111 3173 sat
1147 3123 1373 3190 vergunt
1409 3119 1615 3190 species
1651 3117 1818 3188 sporis
1856 3115 2023 3168 lez-nis
2046 3111 2295 3183 praeditae.
2355 3106 2633 3168 Rationes,
2674 3101 2959 3157 secundum

627 3224 757 3277 quas
794 3208 849 3260 in
884 3223 1082 3277 genera
1118 3209 1318 3261 naturae
1357 3210 1707 3260 consentanea
1741 3201 2012 3256 dividendi
2049 3201 2159 3253 sint
2194 3196 2451 3259 Βαεῑῖἑαῖ,
2500 3191 2728 3247 nondum
2765 3189 2959 3258 ubique

626 3311 741 3350 esse
777 3293 1046 3357 inventas,
1094 3293 1206 3363 jam
1250 3295 1408 3347 antea
1454 3295 1679 3362 ingenue
1717 3289 1940 3345 confessi
1978 3303 2155 3342 sumus
2191 3285 2486 3350 iterumque
2526 3278 2849 3332 confitemur.
2892 3305 2953 3314 -

627 3380 804 3434 Etiam
853 3380 1141 3450 specierum
1191 3397 1284 3451 per
1319 3381 1582 3435 sectiones
1618 3383 1913 3449 stirpesque
1951 3372 2251 3444 dispertitio
2288 3369 2427 3423 notis
2463 3366 2621 3420 nimis
2655 3362 2957 3418 vacillanti-

628 3468 726 3521 bus
778 3466 917 3522 forte
971 3467 1187 3522 nitatur.
1259 3466 1671 3537 Spermatiorum
1716 3462 2015 3518 accuratius
2059 3472 2273 3514 examen
2322 3454 2563 3509 meliores
2601 3450 2960 3505 verisimiliter

629 3552 795 3607 dabit.
867 3552 978 3629 Ipsi
1025 3553 1080 3606 in
1133 3554 1328 3608 formas
1377 3553 1689 3628 speciesque
1716 3547 2085 3607 examinandas
2121 3542 2526 3612 limitandasque
2563 3538 2790 3593 laborem
2827 3552 2959 3608 prae-

629 3640 779 3711 cipue
817 3639 1180 3710 impendimus.

769 3724 883 3779 obs.
921 3723 971 3778 2.
1043 3723 1361 3795 Synonymia
1413 3723 1619 3793 ingenti
1677 3722 2004 3790 maximeque
2059 3716 2308 3772 intricata
2359 3714 2631 3768 oneratum
2680 3712 2763 3765 est
2807 3707 2957 3764 Leci-

629 3813 854 3867 dearum
909 3827 1103 3881 genus,
1158 3812 1225 3866 ad
1284 3826 1442 3881 quam
1490 3809 1844 3864 extricandam
1900 3811 2112 3860 strenuo
2163 3800 2527 3868 indefessoque
2574 3797 2751 3853 labore
2787 3796 2959 3850 adhuc

629 3916 759 3970 opus
809 3899 906 3952 est.
993 3898 1105 3968 Ipsi
1157 3898 1504 3953 attentionem
1559 3897 1815 3968 praecipue
1872 3892 2210 3948 attribuimus
2260 3886 2559 3957 synonymis
2614 3882 2952 3946 Acharianis‚

629 3986 943 4050 Friesiani8‚
999 3985 1424 4054 Nylanderianis.
1495 3984 1578 4038 Ad
1626 3985 1797 4055 prima
1839 3982 1935 4035 illa
1969 3974 2327 4050 cognoscenda
2359 3971 2660 4027 herbarium
2696 3966 2953 4023 Acharia-

630 4091 753 4128 num
808 4075 890 4127 est
946 4071 1156 4141 quidem
1202 4072 1416 4127 maximi
1450 4070 1730 4135 momenti,
1769 4068 1862 4125 sed
1899 4066 2242 4122 difficultates
2276 4060 2437 4115 etiam
2475 4057 2673 4128 praebet
2706 4055 2955 4126 gravissi-

629 4178 754 4215 mas,
827 4159 989 4214 Pater
1041 4160 1180 4214 enim
1234 4159 1323 4214 ille
1378 4158 1763 4229 lichenologiae‚
1824 4172 1984 4226 quum
2030 4153 2342 4224 praematura
2383 4148 2552 4200 morte
2596 4147 2681 4199 est
2715 4145 2955 4213 ereptus,

629 4265 762 4302 novo
815 4262 970 4317 opere
1024 4245 1315 4314 (”Historia
1366 4244 1679 4310 lichenum”,
1736 4243 1950 4298 minime
2001 4237 2268 4294 ”Victoria
2310 4231 2622 4295 lichenum”,
2672 4230 2952 4299 inscripto)

628 4338 745 4391 erat
797 4336 1080 4403 occupatus
1132 4336 1289 4403 atque
1341 4332 1598 4386 Leo-ideas
1643 4332 1725 4386 sui
1771 4329 2001 4385 herbarii
2039 4327 2152 4398 jam
2204 4322 2372 4377 denuo
2407 4318 2827 4381 examinaverat,
2866 4332 2955 4369 eas

627 4421 783 4477 modo
819 4421 1029 4475 omnino
1061 4437 1196 4474 novo
1230 4419 1467 4473 limitans
1499 4418 1898 4489 disponensque.
1954 4414 2083 4469 Inde
2108 4412 2308 4466 factum
2334 4408 2441 4470 est,
2481 4408 2544 4459 ut
2575 4404 2811 4459 Lecv'deoe
2835 4402 2953 4456 her-

628 4509 765 4563 barii
787 4508 1070 4563 Achariani
1094 4506 1402 4578 adspectum
1425 4505 1536 4561 fere
1562 4503 1859 4558 chaoticum
1886 4517 2020 4571 saepe
2044 4498 2328 4571 praebeant.
2384 4491 2681 4564 Specimina
2701 4508 2730 4546 e
2756 4490 2953 4546 chartis

629 4597 755 4657 sunt
790 4593 1037 4668 decerpta
1057 4634 1071 4661 ,
1123 4594 1229 4650 alia
1264 4595 1386 4665 post
1423 4591 1622 4647 editam
1658 4589 1913 4663 Synopsin
1954 4587 2189 4658 adjecta,
2224 4582 2435 4638 nomina
2471 4581 2679 4638 mutata
2713 4578 2800 4633 vel
2822 4591 2956 4631 nova
