3177 5011
1291 352 1415 427 639

171 514 352 581 runt,
396 511 521 587 quin
564 509 727 573 etiam
775 513 1053 586 apothecis
1106 515 1301 586 partim
1338 513 1561 586 pallida,
1600 513 1796 587 partim
1832 510 2052 571 obscura
2085 530 2187 570 non
2225 515 2349 587 sunt
2382 528 2514 572 rara.

171 605 419 660 Parcius
453 604 790 660 inveniuntur
824 602 1004 658 brevia
1038 601 1262 675 oblonga
1296 603 1382 658 vel
1418 602 1697 658 difformis.

685 777 745 841 2.
835 781 905 841 x.
963 780 1468 843 SPILOMATIGA
1514 777 1724 863 (Anzi)
1768 781 1876 842 Th.
1926 779 2025 841 Fr.

374 931 595 998 Crusta
655 931 1163 1018 hypophloeodee‚
1231 934 1300 998 in
1365 933 1620 999 soredae'a
1684 932 1928 999 helvola
1992 931 2095 999 vel
2140 932 2515 997 v-ireseentia

181 1036 637 1122 efflorescenffi
681 1034 1004 1120 apotheeia
1045 1037 1324 1113 minora,
1373 1038 1792 1121 erumpentia,
1840 1034 2359 1109 innato-sessilia‚
2406 1054 2511 1099 ro-

185 1140 474 1205 tundatu
533 1139 633 1204 vel
682 1139 1034 1222 dfformia,
1089 1138 1298 1221 plana,
1352 1141 1595 1206 sordide
1651 1141 1923 1205 testacea
1965 1139 2245 1222 margine
2290 1139 2511 1204 obseu-

186 1241 396 1319 riore3
442 1260 640 1325 sporae
682 1242 1074 1307 subminutoe.
1767 1273 1770 1276 ·

342 1360 481 1431 Syn.
551 1361 809 1431 :Agyrium
845 1359 1233 1429 ept'lomaticmn
1269 1356 1394 1413 ΑΜ.
1431 1358 1605 1430 Symb.
1643 1361 1830 1431 (1864)
1866 1378 1918 1432 p.
1959 1361 2043 1417 20.

346 1446 703 1517 Xyloqrapha
733 1461 1031 1515 eorruyans
1065 1444 1246 1501 Norm.
1285 1445 1403 1500 Bot.
1443 1446 1569 1502 Not.
1611 1447 1749 1501 1872
1785 1466 1835 1519 p.
1874 1449 1959 1502 34.

342 1532 475 1586 Exs.
547 1532 673 1586 Anz.
711 1530 941 1602 Langob.
980 1531 1100 1585 385.
1143 1562 1205 1571 —
1243 1529 1366 1586 Arn.
1405 1533 1509 1587 563
1547 1534 1829 1607 UXonyr.
1867 1535 2135 1590 matula
2168 1533 2444 1601 Kerb.·?”).

372 1637 443 1702 In
509 1636 989 1703 Maalselvdalen
1043 1637 1437 1703 Nordlandiae
1492 1640 1556 1705 et
1607 1640 1794 1706 Alten
1852 1639 2229 1707 Finmarkiae
2272 1641 2515 1725 copiose

198 1740 282 1806 ad
329 1740 558 1806 seeleta
600 1740 883 1826 pinorum
930 1740 1301 1825 dejectorum
1347 1740 1444 1828 (J.
1488 1742 1577 1807 M.
1625 1743 1684 1809 N
1689 1744 1954 1828 erman).

343 1857 534 1914 Crusta
585 1875 721 1930 saepe
773 1859 986 1914 sterilis.
1058 1858 1350 1929 Apothecia
1405 1859 1645 1918 solitaria
1691 1879 1740 1916 v.
1784 1863 2107 1933 glomerata,
2155 1862 2294 1917 sicea
2338 1878 2513 1933 eorru-

195 1948 359 2017 gata,
398 1946 702 2002 humectata
735 1945 1152 2017 subgelatinosa‚
1188 1947 1426 2018 margine
1460 1948 1721 2005 instructa
1754 1950 1919 2016 tenui,
1956 1951 2043 2004 vix
2065 1948 2387 2005 sensibiliter
2409 1950 2515 2007 ele-

197 2035 352 2097 vate,
396 2035 589 2098 0,3—8
638 2049 762 2088 mm.
806 2032 965 2104 longa
1019 2035 1077 2088 et
1131 2035 1319 2097 0,2—3
1379 2050 1505 2089 mm.
1559 2035 1685 2091 lata.
1757 2036 2064 2113 Exeipulum
2118 2040 2205 2091 sat
2255 2053 2513 2104 crassum,

197 2119 519 2175 fuseidulum
574 2136 622 2173 v.
676 2120 962 2191 pallidum;
1016 2119 1389 2191 hypotheeium
1442 2122 1810 2180 incolet-atum.
1881 2123 2211 2196 Paraphyses
2263 2124 2512 2194 graciles,

197 2207 316 2262 laxe
352 2205 695 2273 cohaerentes,
731 2208 932 2278 apicem
969 2223 1150 2262 versus
1186 2206 1354 2264 diluto
1388 2208 1671 2265 fuscidulae.
1718 2209 1892 2281 Sporae
1916 2209 2256 2282 ellipsoideae,
2282 2211 2508 2274 Quos—

206 2303 268 2349 12
306 2310 429 2349 mm.
467 2294 636 2365 longa
670 2298 727 2350 et
761 2295 1021 2358 0,004—6
1058 2311 1181 2351 mm.
1223 2311 1421 2352 crassae.
1493 2296 1630 2352 Jodo
1667 2297 1983 2363 coemlescit,
2020 2297 2143 2353 dein
2166 2297 2397 2354 violaoee
2420 2297 2512 2354 de-

199 2381 481 2437 coloratur.
561 2368 612 2436 Κ
663 2381 748 2438 vel
781 2380 902 2453 No,
940 2398 1043 2436 non
1079 2383 1331 2438 mutatur.
1829 2445 1834 2451 ,

342 2470 457 2526 obs.
525 2468 638 2542 Ipsi
691 2469 827 2525 hane
878 2469 1116 2542 plantam
1162 2485 1266 2525 non
1301 2469 1541 2542 legimus.
1616 2469 1814 2526 Forsan
1850 2487 1953 2526 non
1989 2469 2241 2526 distincta
2282 2472 2482 2543 species
2496 2513 2509 2537 ,

202 2557 495 2629 praesertim
532 2573 692 2628 quum
726 2559 877 2613 amic.
914 2558 1146 2614 Norman
1182 2557 1442 2614 declaret:
1481 2557 1768 2614 ”transitus
1804 2560 1944 2614 inter
1977 2559 2114 2614 hano
2149 2561 2205 2613 et
2241 2557 2511 2629 vulgarem

206 2645 279 2701 X.
312 2644 644 2715 parallelum
680 2644 766 2698 vix
802 2643 992 2700 desunt
1026 2647 1082 2699 et
1117 2662 1402 2718 propensus
1437 2662 1550 2700 sum
1588 2645 1656 2700 ad
1693 2645 2022 2710 credendum,
2048 2661 2162 2700 eam
2189 2645 2511 2702 solummodo

204 2750 317 2789 esse
363 2733 519 2803 hujus
562 2732 857 2787 anomalam
900 2731 1171 2788 formam!
1244 2733 1469 2788 Habitus
1515 2736 1692 2788 tamen
1729 2734 1815 2787 sat
1847 2731 2084 2804 insignis.
2125 2763 2184 2774 -
2227 2732 2301 2787 X.
2338 2735 2509 2790 minu-

205 2821 376 2876 tulam
410 2819 570 2876 Kerb.
608 2819 706 2891 Pg.
743 2835 796 2889 p.
834 2817 939 2871 276
973 2835 1076 2874 non
1113 2817 1363 2884 vidimus,
1403 2819 1497 2875 sed
1531 2836 1561 2875 e
1598 2820 1947 2892 descriptione
1983 2818 2193 2876 differre
2216 2820 2440 2877 videtur.
