3177 5011
1706 273 1830 340 386

763 418 875 473 obs.
920 420 961 474 1.
1036 418 1137 486 Qui
1173 438 1433 494 perpauca
1467 429 1673 482 tantum
1713 429 1907 485 viderit
1930 432 2241 502 specimina,
2268 435 2440 506 plnres
2466 436 2661 492 formas
2678 438 2728 493 h.
2755 439 2788 492 l.
2816 455 2949 494 con·

614 501 827 572 junctas
888 507 1062 561 forsan
1115 508 1479 582 distingueret.
1560 515 1754 586 Magna
1809 522 1985 573 tamen
2044 523 2389 591 speciminum
2443 527 2593 596 copia
2644 527 2950 581 examinata

619 592 788 646 nullos
827 599 997 649 certos
1033 595 1218 651 adesse
1253 598 1453 656 limites
1489 601 1656 657 docet.
1733 606 1854 659 Var.
1892 614 1971 678 β.,
2014 625 2126 677 quae
2163 611 2299 665 forte
2334 617 2418 666 est
2453 613 2679 668 Leddea
2715 629 2943 668 anoma—

621 679 785 734 loides
830 681 948 751 Nyl.
999 683 1136 738 Flor.
1187 687 1322 740 1862
1359 706 1407 758 p.
1444 689 1551 742 464
1588 708 1627 743 s.
1664 691 1729 746 L.
1769 697 2072 749 anomalum
2107 696 2224 765 Nyl.
2265 697 2401 752 Flor.
2444 701 2580 753 1866
2616 720 2665 770 p.
2704 703 2831 762 374.
2870 701 2945 755 ob

619 783 799 836 sporas
843 769 950 824 fere
997 789 1176 827 omnes
1222 772 1492 843 dyblastas
1539 776 1680 831 inter
1725 778 2044 835 Biatorinas
2081 783 2232 839 facile
2270 789 2531 854 quaeritur.
2606 787 2814 841 Nullam
2854 791 2942 842 ta-

620 869 738 907 men
783 854 940 910 aliam
987 858 1279 914 invenimus
1324 863 1503 915 notam
1559 868 1616 917 et
1660 883 1823 936 sporae
1860 870 2183 924 tetrablastae
2220 874 2407 942 saepius
2443 874 2634 928 adsunt
2670 876 2940 929 irnmixtae.

625 971 666 978 -
721 942 860 996 Num
916 944 1125 1018 diversa
1176 949 1249 1001 sit
1296 949 1554 1004 Bilimbia
1598 953 1856 1006 trachona
1902 954 2260 1025 (Verrucaria
2298 961 2424 1015 Ach.
2464 962 2627 1016 Metb.
2668 963 2844 1034 Suppl.
2885 981 2939 1034 p.

618 1027 712 1091 16,
752 1028 905 1085 Univ.
945 1049 996 1101 p.
1035 1034 1161 1098 286,
1200 1035 1320 1105 Syn.
1359 1055 1407 1107 p.
1446 1038 1565 1103 96),
1606 1039 1662 1092 iu
1697 1041 1924 1096 medium
1965 1044 2319 1113 relinquimus.

758 1167 870 1223 obs.
907 1169 957 1224 2.
1031 1171 1141 1227 Hoc
1185 1173 1299 1228 loco
1343 1174 1704 1232 disserendum
1753 1178 1818 1233 dc
1862 1179 2091 1235 Lecu’dea
2124 1186 2400 1252 stiymatea
2435 1186 2480 1239 b.
2524 1187 2773 1255 micropse:
2804 1188 2939 1242 Ach.

616 1251 735 1321 Syn.
786 1272 834 1323 p.
888 1256 979 1319 16,
1028 1275 1059 1311 a
1104 1259 1225 1329 Nyl.
1263 1279 1312 1331 p.
1349 1279 1399 1331 p.
1438 1262 1506 1316 ad
1538 1265 1605 1318 L.
1636 1282 1980 1333 parascmam
2018 1269 2268 1324 minorem
2309 1276 2365 1325 et
2400 1291 2446 1343 p.
2488 1291 2536 1343 p.
2574 1274 2640 1327 ad
2676 1274 2740 1328 L.
2785 1276 2939 1328 len-ti-

616 1340 848 1393 cularem
906 1344 1087 1398 relata.
1159 1346 1221 1400 In
1269 1365 1371 1402 una
1416 1350 1601 1402 charta
1638 1349 1788 1419 plura
1823 1352 2035 1421 quidem
2075 1356 2233 1411 affixa
2268 1362 2393 1412 sunt
2428 1360 2713 1429 specimina
2747 1361 2937 1429 (etiam

616 1425 680 1478 L.
719 1428 1067 1486 eloeochromoe
1103 1436 1158 1487 et
1193 1433 1556 1490 dissimillimis
1594 1437 1656 1490 L.
1693 1439 2037 1505 susc-came),
2076 1444 2166 1498 sed
2206 1461 2317 1514 quae
2354 1446 2466 1500 sola
2503 1449 2563 1499 ut
2600 1446 2670 1500 ”u
2710 1449 2938 1516 microp-

614 1511 717 1566 sss'·
764 1519 886 1568 sunt·
940 1517 1241 1590 designata,
1300 1525 1567 1592 pertinent
1604 1523 1669 1577 ad
1706 1524 2037 1581 Rinodinam
2073 1529 2367 1599 Bisclaeoffii
2398 1536 2455 1586 et
2492 1532 2726 1602 plantam
2760 1535 2937 1596 illam,

617 1616 771 1668 quam
818 1602 939 1672 Nyl.
989 1623 1081 1675 pro
1117 1608 1344 1665 Lecidca
1385 1611 1691 1665 lenticulari
1724 1611 1924 1666 habuit.
2000 1615 2166 1684 Hujus
2205 1618 2577 1688 hypothecium
2613 1619 2937 1673 rubricosum

616 1702 662 1738 v.
701 1687 916 1744 obscure
956 1710 1357 1763 purpurascenS.
1419 1700 1592 1751 totum
1640 1699 1869 1753 theciurn
1926 1702 2120 1771 passim
2157 1705 2452 1770 sordidum,
2493 1707 2810 1776 parupbyses
2849 1725 2938 1760 co-

617 1772 873 1830 haerentes
910 1794 1004 1832 nec
1041 1781 1189 1850 apice
1226 1783 1499 1853 capitatae,
1535 1786 1790 1839 immixtis
1824 1788 1943 1840 aliis
1980 1788 2238 1858 (pluribus
2262 1793 2680 1862 paucioribusve)
2707 1793 2940 1847 robustis

614 1859 794 1915 liberis
848 1863 1164 1936 obscureque
1217 1869 1498 1939 capitati8‚
1553 1873 1661 1926 asci
1708 1874 1930 1938 clavati,
1978 1893 2141 1945 sporae
2176 1877 2744 1949 ellipsoideo-oblongoe
2780 1880 2938 1950 ellip-

613 1947 890 2011 soideaeve.
941 1953 1186 2024 utrinqne
1231 1956 1456 2020 obtusae,
1505 1957 1786 2027 dyblastae.
1823 1962 2120 2028 0,009-10
2158 1980 2281 2018 mm.
2322 1966 2486 2035 longae
2523 1969 2579 2020 et
2612 1969 2768 2027 Ο,Ου4
2810 1986 2934 2021 mni.

614 2051 810 2088 crassae.
882 2038 1017 2093 Jodo
1071 2043 1395 2111 praecedente
1450 2045 1839 2100 caerulescentia
1883 2048 2061 2103 vinose
2109 2050 2261 2105 rubet
2305 2052 2637 2118 riolascitvm
2682 2043 2733 2108 K
2768 2056 2935 2125 hypo-

613 2121 847 2177 thecium
881 2125 1054 2182 laetius
1092 2128 1350 2187 violascit.
1410 2131 1577 2186 Nobis
1614 2133 1825 2188 videtur
1850 2136 2116 2191 Bilimbioe
2139 2140 2387 2207 coprodis
2410 2146 2462 2210 β.
2487 2143 2726 2209 seposita:
2751 2141 2937 2195 forma.

1310 2403 1409 2466 17.
1500 2409 1565 2467 Β.
1637 2410 1930 2471 EFFUSA
1976 2414 2226 2472 Auersw.

785 2595 1005 2661 Crusta
1062 2599 1293 2678 tenuiS,
1347 2600 1590 2684 leprosa
1644 2603 1740 2669 vel
1788 2605 2146 2686 granulosa‚
2204 2590 2445 2673 sordide
2492 2611 2934 2675 cinereo-vire-

614 2718 821 2775 scens;
869 2682 1190 2783 a‘pothecia
1234 2704 1504 2778 sessilia‚
1551 2705 1818 2788 primum
1866 2727 2137 2771 concava
2181 2714 2466 2792 m-arffl‘ne
2502 2715 2937 2778 crassius-culo

612 2802 876 2887 elevate,
924 2804 1068 2868 dein
1098 2805 1517 2885 plam'uscula
1556 2811 1846 2890 mar-qim
1879 2818 2207 2876 eante-nuato
2237 2814 2652 2897 demissoque,
2688 2816 2935 2881 demum

614 2904 832 2968 leviter
879 2925 1144 2971 convexa
1190 2909 1655 2991 immerginata‚
1701 2916 2170 2993 atropurpurea
2216 2918 2309 2980 vel
2352 2919 2581 2999 nim-a,-
2626 2921 2931 3004 pamphy-

615 3028 711 3072 ses
736 3009 943 3091 facile
991 3011 1235 3089 liberm
1280 3031 1475 3094 sporae
1524 3014 1973 3078 4—8-blastoe..

754 3152 892 3216 Syn.
966 3149 1223 3202 Bizimbia
1258 3150 1432 3219 effusa
1469 3151 1698 3205 Auersw.
1736 3152 1791 3204 in
1827 3151 1998 3207 Rbnh.
2038 3169 2141 3207 exs.
2181 3154 2366 3222 (1855)
2403 3174 2450 3209 n.
2493 3157 2587 3219 32,
2639 3158 2796 3211 Korb.
2837 3160 2932 3229 Pg.

612 3249 660 3301 p.
702 3232 819 3284 165.
865 3264 914 3271 -
963 3234 1189 3289 Lecidea
1226 3237 1452 3290 Stizenb.
1491 3237 1609 3291 Lec.
1651 3237 1757 3291 sab.
1795 3256 1844 3308 p.
1886 3240 1968 3291 23.

788 3374 881 3439 Ad
958 3378 1215 3441 cortices
1296 3380 1616 3461 quercinos
1693 3400 1881 3465 prope
1962 3382 2247 3465 Halltorp
2324 3381 2633 3448 Oelandiae
2702 3384 2935 3449 detexit

617 3479 712 3542 W.
753 3479 979 3544 Melet.

753 3616 942 3670 Crustu
994 3617 1224 3687 disperse
1280 3617 1366 3670 vel
1411 3617 1646 3675 conferte
1699 3622 1991 3690 granulosa.
2066 3623 2358 3691 Apothecia
2386 3626 2596 3692 ‚O,5—8
2647 3641 2767 3677 mm.
2806 3624 2936 3677 lata.

614 3703 920 3774 Excipulum
960 3707 1014 3758 et
1051 3705 1306 3775 praecipue
1345 3722 1525 3776 margo
1562 3707 1729 3761 diluto
1768 3708 2173 3762 violaceo-fusca
2211 3726 2253 3760 v.
2292 3710 2932 3779 fuligineo-violascentia.

513 3856 514 3859 Ἴ
617 3790 1003 3860 Hypot-hecium
1057 3791 1417 3845 incoloratum.
1491 3793 1820 3862 Paraphyses
1873 3796 2119 3864 graciles,
2177 3799 2446 3865 capitatae,
2503 3797 2705 3866 apicem
2753 3812 2935 3850 versus

615 3877 1221 3931 olivacco-fuscescentes
1257 3895 1305 3931 v.
1344 3878 1882 3947 olivaceo-fuligineae.
1957 3883 2079 3936 Asci
2122 3883 2330 3936 clavati.
2403 3884 2574 3953 Sporae
2610 3882 2845 3951 oblongae
2883 3900 2933 3934 v.

615 3964 1149 4034 elongato-oblongae,
1189 3966 1437 4037 utrinque
1474 3968 1703 4029 obtusae,
1740 3966 2036 4032 0,020-36
2076 3985 2199 4022 mm.
2238 3967 2403 4037 longae
2429 3972 2483 4022 et
2506 3970 2768 4035 0‚004--6
2807 3985 2935 4022 mm.

614 4068 811 4104 crassae.
867 4048 1000 4103 Jodo
1036 4051 1243 4107 intense
1283 4052 1657 4108 vinoso-rubet.
1718 4040 1769 4105 K
1801 4053 2092 4123 excipulum
2118 4055 2357 4109 nonnihil
2382 4055 2638 4109 intensius
2662 4055 2935 4117 violascit‚

614 4141 845 4191 ceterum
899 4153 1001 4190 non
1057 4141 1307 4194 mutatur.
1381 4139 1500 4209 NO⁶
1549 4138 1901 4210 paraphysum
1951 4142 2125 4211 apices
2171 4142 2566 4212 excipulurnque
2603 4158 2721 4195 mox
2759 4159 2935 4195 roseo-

613 4224 921 4278 violascunt.

754 4327 894 4395 Syn.
968 4327 1089 4381 Alia
1132 4328 1257 4396 jodo
1304 4329 1489 4383 effecta
1537 4328 1726 4382 coloris
1764 4328 1986 4380 mutatio
2023 4344 2054 4379 a
2089 4326 2317 4381 Stizenb.
2355 4329 2388 4381 l.
2428 4346 2471 4383 c.
2512 4329 2798 4394 indicatur,
2840 4332 2936 4397 seri

619 4414 780 4466 etiam
833 4415 888 4466 in
942 4416 1154 4486 specim.
1205 4415 1334 4485 orig.
1388 4415 1580 4481 (Rbnh.
1630 4433 1677 4469 n.
1726 4415 1816 4484 32)
1861 4414 2021 4467 talem
2077 4414 2308 4468 invenire
2358 4417 2512 4483 licet,
2559 4415 2729 4483 qualis
2775 4434 2934 4487 supm

615 4498 888 4571 descripta.
