3177 5011
1751 288 1877 361 624

660 444 925 520 persistit,
968 430 1115 503 Cael
1170 450 1254 504 vix
1300 452 1535 505 mutatur
1587 449 1672 504 vel
1707 447 1875 503 anuto
1921 447 2352 504 luteo-fumescit.
2375 480 2441 489 -
2461 446 2755 521 Apothecia
2777 446 2995 509 (ιι-ε

659 552 783 591 mm.
829 534 965 601 lata,
1015 535 1073 589 iu
1120 535 1292 591 Dovre
1340 536 1564 607 legimus
1606 534 1828 589 formam
1869 535 2164 589 irroratum
2206 535 2385 605 apotb.
2429 536 2689 606 pruinosis
2720 535 2993 590 eandem·

662 639 761 692 que
800 622 852 676 in
890 621 1337 693 Taljstensberget
1371 621 1708 679 Jemtlandiae
1743 622 1895 676 amic.
1933 620 1982 674 R
2019 625 2077 676 et
2111 620 2171 675 Ε.
2208 622 2476 691 Almqvist
2498 623 2830 679 invenerunt.
2872 622 2988 676 Ex-

661 707 894 778 cipulum
949 707 1165 763 obscure
1212 710 1723 780 purpureo-nigrum.
1798 707 2185 778 Hypotbecium
2229 708 2613 779 nigrofuscum3
2652 709 2992 781 pamphyses

663 794 949 849 filamentis
983 794 1271 864 gelatinam
1310 796 1572 866 copiosam
1608 794 2032 866 percurrentibus
2067 793 2292 859 similes,
2330 798 2529 866 apicem
2580 813 2762 852 versus
2809 796 2989 851 viola-

661 885 892 944 scentes,
943 879 1573 951 fuliginae-violasoentes
1587 922 1602 946 ,
1654 880 2211 936 vinoso-fuscescentes
2258 883 2343 937 vel
2386 885 2651 939 rarissime
2687 882 2987 953 subfuligi·

665 984 793 1023 neae.
867 968 992 1022 Asci
1036 967 1246 1023 inflato·
1301 985 1348 1021 v.
1385 968 1915 1024 ventricosoaelavati.
1987 967 2160 1038 Sporae
2195 968 2353 1034 binas,
2393 972 2560 1025 rarius
2595 970 2890 1039 (rarissime
2932 970 2987 1022 in

661 1053 844 1109 eodem
889 1054 1188 1126 apothecio)
1236 1055 1454 1126 singulte
1469 1095 1482 1120 ,
1521 1055 1689 1125 primo
1725 1054 1977 1124 hyalinae‚
2015 1055 2138 1110 dein
2174 1056 2515 1123 virescentes,
2560 1056 2772 1111 demum
2810 1056 2988 1125 nigri·-

662 1145 865 1205 cantes,
902 1141 1217 1213 ellipsoideoe
1254 1159 1303 1197 v.
1340 1139 1907 1212 oblongo-ellipsoideae
1922 1181 1935 1205 ,
1975 1140 2160 1197 halone
2196 1143 2409 1213 hyalino
2453 1144 2562 1199 lato
2596 1160 2734 1214 saepe
2757 1143 2986 1197 circum-

663 1228 824 1293 datae,
871 1229 1170 1293 O‚040—72
1216 1245 1338 1283 mm.
1385 1229 1550 1300 longae
1599 1231 1655 1282 et
1697 1229 1989 1288 0,025—3⁴
2037 1244 2160 1283 mm.
2198 1246 2397 1285 crassae.
2468 1231 2603 1287 Jodo
2638 1233 2851 1285 intense
2883 1246 2990 1284 ω-

663 1316 908 1382 rulescit;
945 1302 998 1370 Κ
1037 1316 1385 1387 paraphysum
1421 1315 1597 1386 apices
1630 1314 2098 1377 violaceo-rubent,
2138 1315 2243 1371 nisi
2278 1321 2403 1373 sunt
2427 1317 2785 1389 subfuliginei.
2816 1334 2986 1387 quum

664 1419 771 1460 non
819 1406 1105 1458 mutantur.
1177 1402 1486 1474 Excipulum
1531 1387 1580 1456 1‘(
1629 1400 1929 1457 distinctius
1963 1408 2395 1476 atropurpurenm
2430 1404 2623 1462 evadit.
2698 1403 2822 1476 ΝΟ,
2864 1405 2985 1476 api-

668 1507 755 1546 ces
789 1490 1141 1562 parapbysum
1178 1490 1346 1561 magis
1380 1491 1516 1545 rosei
1552 1489 1701 1544 fiunt.

1286 1702 1383 1765 14.
1476 1704 1596 1765 RH.
1647 1704 1954 1763 GBANDE
2001 1702 2190 1780 (Flk.)
2237 1704 2379 1766 Arn.

849 1856 1068 1923 Crustu
1142 1856 1759 1923 bullato-verrucosa
1776 1905 1791 1935 ‚
1848 1856 2244 1921 m'nerascens
2286 1856 2385 1921 vel
2416 1856 2826 1940 fuscos-cem,
2877 1855 2993 1939 hy-

667 1959 944 2045 pothallo
991 1960 1203 2042 nigro;
1250 1958 1467 2044 hyphae
1515 1961 1786 2025 materia
1830 1957 2184 2042 amyloidea
2225 1980 2351 2024 non
2393 1960 2678 2044 refer-tm
2723 1958 2987 2041 apothe-

671 2064 769 2128 cia
822 2062 1141 2137 immixta,
1201 2060 1490 2144 primitus
1547 2061 1933 2145 planiuscula
1989 2063 2054 2127 et
2095 2060 2360 2126 tenuiter
2413 2062 2792 2145 marginata,
2842 2060 2987 2124 dein

674 2165 1086 2249 semiglobosa
1144 2163 1725 2249 immarginataque,
1786 2166 1958 2241 atra,
2016 2163 2205 2238 nuda3
2267 2182 2464 2247 sporae
2523 2173 2789 2240 ecloum,
2848 2184 2989 2228 ma-

673 2276 834 2336 turae
875 2270 1280 2352 niyricantes.

809 2387 949 2458 Syn.
1020 2386 1246 2442 Lenaea
1280 2391 1480 2455 ραι-ιω
1514 2389 1566 2455 β.
1596 2385 1883 2455 suscoabra
1920 2383 1979 2440 0.
2013 2384 2241 2456 mandas
2276 2382 2390 2439 Flk.
2429 2385 2585 2441 Flora
2624 2385 2762 2439 1828
2799 2403 2853 2456 p.
2883 2386 2987 2439 690

671 2478 835 2544 (teste
872 2474 1035 2534 Am).

814 2563 1188 2631 Rhisocarpon
1221 2558 1430 2630 prande
1460 2558 1590 2614 Aru.
1628 2559 1785 2615 Flora
1821 2559 1960 2614 1871
1990 2575 2050 2629 p.
2087 2558 2210 2612 149.

807 2649 1000 2706 Videas
1035 2653 1290 2720 praeterea
1328 2645 1478 2701 infra.

641 2799 653 2816 Ι
812 2737 939 2791 Exs
1010 2735 1070 2790 L.
1117 2735 1202 2790 Su.
1253 2734 1357 2788 406
1402 2732 1466 2787 Β.
1509 2764 1570 2773 -
1611 2731 1792 2786 Smrft.
1830 2732 1950 2786 128.
1988 2763 2056 2773 —
2093 2730 2245 2802 Hepp
2282 2731 2365 2784 37.
2409 2760 2474 2770 -
2511 2730 2614 2787 Zw.
2655 2733 2758 2787 132
2797 2733 2985 2795 (forms

675 2826 832 2880 solito
869 2823 1051 2894 major,
1091 2821 1288 2893 optime
1323 2820 1575 2886 evoluta).

844 2929 1024 3014 Apud
1069 2947 1178 2993 nos
1231 2925 1515 3010 frequens
1559 2922 1803 2989 videtur
1864 2942 1973 3007 per
2016 2924 2216 2988 totum
2258 2923 2659 3001 territorium,
2705 2925 2984 3008 regiones

677 3051 846 3098 mere
892 3031 1199 3097 calcareas
1241 3029 1483 3112 fugiens
1526 3026 1624 3092 vel
1659 3045 1804 3092 saxa
1832 3026 2092 3092 erratica
2124 3027 2207 3091 ibi
2243 3025 2528 3110 diligens.
2616 3026 2984 3094 Distributio

677 3133 1090 3219 geographica
1132 3135 1340 3198 tamen
1382 3129 1652 3196 nondum
1697 3129 1849 3194 satis
1893 3128 2224 3220 explorata.
2315 3129 2366 3193 E
2426 3130 2620 3195 Dania
2662 3150 2783 3196 non
2830 3131 2984 3196 vidi-

679 3256 814 3304 mus
881 3236 1245 3321 specimina,
1313 3234 1421 3300 sed
1472 3231 1891 3298 verisimiliter
1946 3232 2102 3297 latet
2155 3233 2267 3298 sub
2325 3231 2592 3299 Buezzia
2629 3238 2882 3317 petroea
2925 3256 2983 3299 a.

673 3341 950 3424 qemeina
991 3339 1095 3403 Br.
1143 3342 1206 3405 et
1248 3339 1452 3404 Rostr.
1501 3337 1657 3401 Dan.
1705 3354 1764 3418 p.
1811 3335 1952 3399 113.

816 3474 1006 3530 Crusta
1048 3461 1124 3529 Ca
1142 3461 1205 3529 CI
1240 3473 1326 3526 vix
1361 3474 1615 3534 mutatur,
1651 3471 1754 3525 nisi
1789 3469 1957 3526 diluto
1993 3467 2506 3526 fuscidulo-lutescit.
2555 3455 2603 3525 1'(
2655 3470 2814 3540 vulgo
2872 3472 2988 3543 plus

675 3563 849 3617 minus
885 3561 1135 3616 distincte
1172 3558 1481 3628 sordidoque
1516 3557 1765 3613 suscessit
1801 3558 1885 3612 vel
1920 3557 2028 3613 sere
2063 3575 2168 3612 non
2204 3561 2451 3613 mutatur.
2512 3556 2780 3612 Interdum
2809 3561 2986 3614 tamen

678 3667 706 3706 e
754 3649 890 3704 flava
939 3647 1432 3718 ferrugineo-tincta
1481 3646 1727 3714 intusque
1772 3644 2385 3699 ochraceo·cinnabarina
2432 3645 2632 3710 evadit3
2672 3661 2783 3715 quoe
2822 3646 2988 3702 forma

679 3741 763 3792 est
813 3735 1040 3790 lacida
1084 3740 1349 3804 mpetroea
1397 3732 1519 3803 Nyl.
1565 3732 1621 3786 in
1658 3730 1817 3785 Flora
1852 3732 1992 3785 1870
2027 3749 2077 3801 p.
2116 3729 2208 3792 36,
2248 3731 2392 3786 nulla
2426 3731 2530 3785 alia
2565 3736 2690 3787 nota
2724 3732 2985 3789 differens.

679 3823 882 3878 Directi
917 3824 1169 3893 praeterea
1205 3819 1398 3876 adsunt
1443 3819 1725 3888 transitus,
1772 3821 1833 3872 ut
1868 3817 2132 3873 interdum
2168 3817 2381 3872 dubium
2419 3818 2673 3879 videatur,
2718 3836 2833 3889 quae
2870 3838 2985 3892 spe·

677 3909 871 3963 cimina
911 3907 1231 3978 '’metreta’'
1269 3908 1379 3962 sint
1413 3906 1742 3961 nominanda.
1798 3905 1925 3960 Eam
1954 3904 2183 3959 vidimus
2206 3921 2235 3959 e
2259 3903 2563 3959 Finmarkia
2585 3905 2983 3973 (Mortensnaes)‚

679 3995 949 4068 Lapponia
993 3993 1245 4050 Tomensi
1290 3989 1629 4061 (Enontekis:
1680 3992 1914 4062 Non-lin)
1949 3995 2006 4047 et
2040 3990 2255 4044 Lulensi
2305 3990 2629 4057 (Nammatsz
2685 3993 2983 4062 Hellbom)‚

680 4083 1024 4155 Ostrogothis.
1070 4081 1274 4148 (Stenh.
1320 4077 1383 4133 L.
1433 4077 1517 4133 Su.
1555 4094 1605 4132 n.
1644 4079 1749 4131 406
1783 4077 1830 4132 Β
1866 4095 1914 4149 p.
1952 4080 2056 4149 μ),
2090 4076 2448 4133 Wermlandia
2480 4077 2793 4149 (Liljendait
2831 4081 2886 4135 J.
2923 4082 2983 4137 G.

679 4171 1029 4242 Lagergren)‚
1067 4168 1230 4240 Lapp.
1268 4166 1484 4221 Rossica
1521 4164 1682 4231 (Kola
1716 4167 1773 4219 et
1807 4163 2072 4218 Imandra:
2100 4164 2287 4219 Fellm.
2316 4180 2355 4218 s.
2382 4151 2431 4218 n!
2460 4162 2553 4217 ”L
2570 4164 2803 4235 petraed’
2836 4166 2985 4236 Nyr,

680 4258 786 4312 fere
842 4257 996 4326 hmo),
1052 4255 1210 4310 Enati
1264 4252 1344 4324 (Ε.
1400 4251 1546 4322 Nyl.)
1562 4292 1574 4313 ‚
1630 4250 2002 4305 Tavastlandia
2037 4249 2329 4320 (Messubyt
2388 4248 2634 4320 Karsten)
2651 4292 2663 4314 ,
2712 4251 2985 4308 Savolaxia

681 4344 1030 4411 (Lauriana
1069 4342 1127 4397 E.
1166 4341 1338 4412 Nym,
1375 4338 1601 4394 Alaudis
1634 4337 1751 4407 (m
1780 4338 2066 4407 panaeow
2104 4337 2164 4392 Ε.
2203 4336 2322 4407 Nyl.
2362 4317 2441 4389 Ᾱι.
2479 4335 2743 4406 Lafveg.),
2772 4336 2986 4394 Karena

681 4431 973 4496 <Walamoz
1009 4430 1091 4484 W.
1145 4428 1308 4498 Nyl.).
1352 4458 1412 4468 -
1452 4424 1744 4497 Apothecia
1795 4425 1863 4480 ad
1910 4427 1940 4480 1
1987 4442 2109 4481 mm.
2154 4424 2292 4487 lata,
2343 4425 2573 4478 crustam
2608 4424 2982 4495 submquantia

681 4517 987 4591 Excipulum
1025 4516 1239 4573 obscure
1275 4513 1898 4586 atropurpureomigrum.
1972 4510 2356 4586 Hypothecium
2392 4508 2759 4582 fusconigrum.
2822 4511 2987 4569 Para—
