3177 5011
1347 307 1426 374 57

221 463 373 519 Flora
411 464 546 518 1861
582 481 635 535 p.
674 463 780 605 ἓξ
817 465 945 533 (non
980 461 1181 520 Oomm.
1220 461 1356 520 Stet.
1394 481 1443 537 p.
1483 465 1579 530 25,
1621 463 1760 521 Men.
1799 462 1936 521 Stet.
1975 481 2026 537 p.
2051 464 2169 537 43),
2208 464 2285 520 St.
2319 464 2552 522 Vulcani

224 554 348 608 Ach.
388 553 551 609 Univ.
589 570 643 624 p.
755 552 805 605 3.

824 729 882 792 7.
972 724 1395 793 cLADomA
1451 725 1655 811 (niu)
1713 726 1942 793 Hoflm.

384 865 653 932 Podetia
682 865 1020 950 fistulosa,·
1077 866 1343 931 stratum
1387 864 1728 930 meduilare
1773 867 1988 943 tenue,
2037 884 2068 928 e
2114 862 2361 929 fibrinis
2404 860 2543 925 lon-

218 971 658 1055 gitudinaliter
725 968 1157 1053 subparallelis
1221 971 1388 1034 arcte
1455 969 1732 1034 connatis
1798 971 2151 1034 contextum
2221 969 2282 1032 et
2351 967 2545 1030 strato

215 1073 835 1158 gonidiali·corticali
881 1073 1113 1156 passim
1156 1074 1422 1149 tectum3
1453 1071 1872 1155 phyllocladia
1915 1074 2022 1138 aut
2065 1070 2239 1137 nulla
2282 1070 2390 1136 aut
2431 1085 2543 1152 po-

216 1179 401 1244 detiis
451 1179 637 1243 affixa
684 1180 791 1241 aut
835 1175 909 1242 ad
952 1176 1131 1241 basin
1175 1176 1325 1252 sita,
1372 1174 1631 1240 foliacea
1661 1177 1833 1262 (raro
1878 1173 2384 1259 cnlstaeformia),
2431 1189 2543 1254 go-

214 1283 383 1348 nidia
453 1278 833 1347 continentia
893 1281 954 1343 et
999 1298 1183 1363 supra
1227 1279 1472 1343 tantum
1517 1280 1844 1353 corticata;
1894 1277 2215 1362 apothecia
2260 1275 2544 1340 colorata

213 1386 456 1470 (fusca,
512 1384 777 1461 luteola,
836 1382 1181 1468 coccinea),
1241 1383 1489 1461 mollia,
1538 1384 1710 1446 intus
1755 1402 1943 1459 cava,
1991 1399 2256 1446 convexa
2301 1379 2363 1442 et
2407 1394 2545 1441 mox

209 1490 690 1573 immerginata;
738 1506 933 1570 sporae
978 1485 1295 1568 simplices
1316 1536 1330 1564 ,
1376 1485 1751 1551 incoloratae.

349 1610 493 1678 Syn.
567 1609 835 1664 Oladom'a
892 1606 1004 1660 Hill
1040 1606 1181 1660 Hist.
1220 1605 1280 1659 of
1309 1605 1497 1658 Plants
1533 1605 1720 1674 (1751)
1759 1621 1810 1674 p.
1850 1603 1918 1657 91
1955 1601 2102 1671 (salt.
2129 1621 2181 1673 p.
2201 1604 2303 1673 p.),
2343 1601 2537 1657 Hoffm.

206 1697 271 1749 D.
312 1697 402 1751 Fl.
440 1696 496 1749 11
534 1696 720 1767 (1795)
774 1711 826 1764 p.
866 1695 994 1758 114,
1043 1693 1129 1747 Fr.
1168 1694 1227 1747 L.
1264 1693 1327 1747 Ε.
1366 1710 1415 1762 p.
1455 1693 1584 1753 205,
1641 1689 1803 1745 Kerb.
1841 1690 1981 1759 Syst.
2022 1708 2073 1760 p.
2114 1690 2207 1753 15,
2263 1689 2381 1758 Nyl.
2419 1688 2541 1757 Syn.

204 1802 249 1854 p.
292 1785 430 1845 187,
472 1783 569 1836 Th.
608 1783 698 1837 Fr.
737 1782 867 1837 Gen.
906 1780 1145 1835 Heterol.
1184 1798 1234 1850 p.
1275 1781 1370 1843 77,
1410 1779 1561 1833 Lich.
1600 1778 1745 1833 Aret.
1782 1796 1832 1849 p.
1873 1778 1990 1831 145.
2019 1807 2073 1817 --
2101 1776 2378 1849 Cenomyce
2413 1776 2545 1832 Aah.

205 1872 364 1926 Univ.
402 1888 456 1941 p.
496 1871 627 1933 105.
665 1870 785 1938 Syn.
822 1886 873 1939 p.
896 1869 999 1922 248
1033 1870 1110 1939 (p.
1153 1883 1289 1920 max.
1327 1867 1506 1937 part).

348 1976 589 2044 θρα-ἠμί.
662 1972 888 2026 Pedaia
941 1975 1144 2040 erecta,
1197 1972 1457 2043 simplicia
1511 1970 1597 2026 vel
1650 1969 1807 2039 vulgo
1861 1970 2004 2024 varie
2040 1985 2270 2031 ramosa,
2310 1967 2546 2038 apicibus

204 2060 460 2115 subulata
514 2059 600 2114 vel
645 2059 1264 2129 scyphifonni-dilatata,
1320 2059 1531 2127 integra
1565 2056 1652 2111 vel
1697 2056 1870 2111 axillis
1906 2061 1962 2112 et
1999 2057 2211 2127 scyphis
2248 2057 2541 2127 perforata,

207 2150 489 2203 substrato
527 2146 817 2201 filamentis
854 2145 1230 2201 medullaribus
1264 2145 1421 2199 affixa
1457 2144 1541 2198 vel
1577 2144 1788 2197 demum
1824 2146 1973 2211 parte
2010 2144 2254 2199 inferiore
2289 2142 2545 2197 moriente

206 2236 398 2290 libera.
475 2234 716 2287 Stratum
752 2232 1038 2287 medullare
1076 2249 1104 2285 e
1142 2232 1342 2286 duobus
1379 2232 1563 2285 stratis
1610 2235 1841 2285 constat:
1898 2232 1952 2300 a)
1989 2233 2234 2286 interiore
2268 2230 2545 2285 chondroi-

206 2323 332 2383 deo,
372 2340 402 2376 e
440 2321 731 2375 filamentis
777 2321 1155 2391 conglutinatis
1201 2323 1469 2381 contexte,
1520 2321 1574 2372 et
1609 2319 1666 2387 b)
1701 2320 1956 2372 exteriore
1989 2320 2138 2373 tenui
2173 2317 2546 2372 arachnoideo·

208 2408 386 2472 molli·,
448 2408 571 2461 huic
626 2405 837 2460 affixum
894 2410 977 2461 est
1030 2409 1255 2459 stratum
1310 2405 1860 2477 gonidiali·corticale.
1934 2405 2046 2460 Hoc
2098 2405 2333 2475 apicibus
2368 2403 2542 2465 deest;

208 2498 348 2551 infra
403 2494 625 2564 gonidia
680 2494 788 2549 sere
833 2495 889 2548 in
934 2492 1209 2564 superficie
1270 2495 1529 2548 oriuntur.
1600 2492 1915 2547 Filamentis
1949 2494 2191 2564 implexis
2227 2492 2544 2562 gonidiaque

208 2584 521 2653 tegentibus
574 2581 787 2635 demum
841 2581 1099 2635 formatur
1151 2585 1243 2635 str.
1284 2580 1555 2643 corticale,
1614 2580 1882 2650 glabrum,
1921 2585 2095 2635 totum
2130 2581 2237 2636 fere
2273 2579 2546 2651 podetium

209 2671 477 2724 obducens
514 2670 602 2723 vel
637 2668 871 2722 maculas
907 2669 1135 2737 majores
1172 2669 1463 2722 minoresve
1500 2669 1749 2723 formans.
1807 2669 1962 2724 Haud
1999 2684 2115 2722 raro
2150 2669 2362 2724 omnino
2396 2667 2547 2722 deest

209 2759 483 2828 proprium
521 2762 616 2809 str.
654 2755 924 2818 corticale,
964 2759 1020 2808 et
1057 2759 1172 2809 tum
1209 2755 1423 2825 podetia
1457 2755 1822 2825 pulverulenta
1858 2756 2102 2811 evadunt.
2141 2755 2271 2822 (cfr.
2294 2758 2547 2826 praeterea

210 2845 484 2899 Schwend.
524 2843 740 2898 UnterS.
778 2844 823 2898 Ι.
861 2861 915 2914 p.
941 2843 1191 2911 61-65).

348 2948 735 3018 Phyllocladia
789 2947 1000 3001 basalia
1052 2945 1453 3017 (protothallus:
1510 2946 1723 3018 Korb.),
1781 2948 1881 3002 nisi
1936 2947 2147 3001 omnino
2199 2946 2412 3008 desunt,
2452 2945 2547 2997 aut

210 3037 431 3090 foliae-ea
470 3034 892 3104 (horizontaliter
927 3050 1153 3104 expansa
1189 3048 1237 3084 v.
1279 3033 1577 3097 suberecta,
1635 3052 1828 3105 magna
1862 3034 1949 3089 vel
1982 3036 2166 3106 parva)
2202 3036 2296 3088 aut
2329 3033 2408 3102 (in
2444 3047 2547 3084 una

212 3125 407 3194 specie)
464 3125 766 3184 crustacea,
822 3121 1110 3174 filamentis
1146 3119 1412 3173 substrato
1449 3120 1624 3175 affixa.
1692 3122 1756 3174 In
1791 3121 1994 3175 fissuris
2028 3123 2234 3191 rupium
2272 3122 2375 3174 cet.
2413 3116 2546 3171 talia

211 3211 509 3273 filamenta,
563 3209 620 3262 in
676 3207 833 3261 fibras
886 3207 1096 3276 longas,
1151 3211 1361 3269 tenues,
1419 3223 1653 3262 ramosas
1699 3210 2000 3278 conjuncta,
2039 3206 2180 3263 haud
2216 3223 2334 3260 raro
2368 3204 2545 3259 obser-

213 3303 402 3351 vantur
459 3297 610 3350 velut
664 3295 867 3350 radices
904 3294 1292 3350 descendentia.
1365 3294 1596 3349 Maxima
1631 3295 1818 3350 horum
1852 3295 2324 3367 phyllocladiomm
2359 3308 2481 3362 pars
2517 3307 2545 3344 e

214 3383 419 3437 fibrinis
456 3383 573 3437 laxe
607 3382 875 3435 intricatis
912 3382 1278 3444 constituitur;
1330 3381 1386 3435 in
1422 3382 1588 3437 latere
1634 3384 1897 3454 superiore
1934 3383 2149 3454 gonidia
2190 3383 2417 3435 stratum
2461 3380 2546 3430 sat

215 3472 525 3539 configuum
591 3469 836 3523 formant.
924 3468 1090 3539 Supra
1133 3467 1376 3537 denique
1439 3468 1591 3525 adest
1635 3474 1794 3524 tenue
1848 3473 1941 3524 str.
2001 3469 2263 3525 corticale.
2337 3467 2415 3521 Ex
2459 3466 2545 3520 his

213 3557 588 3626 phyllocladiis
624 3555 915 3626 gignuntur
948 3555 1188 3626 podetia,
1216 3556 1382 3609 rarius
1419 3556 1697 3625 apothecia
1732 3558 2218 3628 spermogoniaque.
2244 3587 2301 3596 -
2328 3554 2544 3624 Phyllo-

212 3645 393 3697 cladt‘a
443 3645 679 3713 podetiss
731 3643 918 3712 affixa
970 3645 1181 3697 textura
1233 3647 1291 3696 et
1333 3643 1501 3697 forma
1537 3661 1657 3698 cum
1693 3645 1778 3699 his
1815 3655 2133 3714 congruunt,
2172 3644 2388 3715 podetia
2422 3657 2545 3696 vero

212 3731 294 3783 vix
330 3747 585 3799 umquam
620 3732 864 3800 gignunt.
922 3730 998 3783 Eo
1034 3730 1295 3792 oriuntur,
1335 3730 1473 3799 quod
1528 3731 1745 3785 maculae
1800 3733 1956 3785 strati
2010 3732 2274 3786 corticalis
2308 3748 2342 3784 a
2376 3733 2546 3782 strato

211 3817 562 3871 arachnoideo
614 3817 807 3871 sensim
861 3817 975 3871 basi
1028 3817 1334 3878 liberantur,
1391 3816 1736 3871 directionem
1788 3818 1909 3888 plus
1958 3820 2131 3873 minus
2167 3817 2546 3873 horizontalem

212 3904 478 3974 accipiunt
515 3909 572 3957 et
606 3904 751 3957 vario
788 3903 942 3957 modo
978 3909 1302 3958 accrescunt.

348 3992 644 4059 Apothecia
688 3992 744 4044 in
787 3991 1022 4061 apicibus
1068 4008 1327 4045 ramorum
1362 3990 1447 4044 vel
1485 3990 1553 4044 ad
1587 3992 1855 4060 margines
1891 3992 2203 4060 scypharum
2237 3992 2542 4061 gignuntur,

212 4095 329 4132 raro
361 4077 734 4149 phyllocladiis
770 4078 942 4131 affixa.
999 4079 1259 4132 Primitus
1294 4077 1561 4131 interdum
1600 4081 1724 4131 sunt
1762 4077 2090 4148 planiuscula
2125 4080 2180 4131 et
2216 4078 2541 4146 marginata,

212 4182 327 4218 mox
384 4182 614 4219 convexa
667 4164 1052 4234 (cephaloidea)
1104 4166 1505 4236 immarginata3
1563 4180 1700 4232 saepe
1752 4164 2091 4218 inveniuntur
2145 4180 2349 4233 quoque
2395 4164 2545 4234 plura

211 4257 437 4306 connata
472 4253 926 4322 (symphycarpa),
966 4252 1279 4321 scyphorum
1315 4251 1578 4320 marg-ines
1616 4250 1700 4303 vel
1736 4250 1908 4304 discos
1943 4252 2198 4320 tegentia.
2217 4282 2273 4291 -
2291 4251 2542 4305 Thecium

209 4344 393 4402 tenue,
450 4341 772 4410 paraphyses
829 4343 972 4394 arcte
1030 4340 1374 4399 cohaerente‘S,
1414 4338 1523 4390 asci
1559 4339 1784 4406 anguste
1822 4337 2032 4391 clavati.
2105 4337 2278 4407 Sporae
2315 4342 2540 4400 octonae,

211 4426 471 4496 oblonga),
512 4426 877 4495 magnitudine
915 4424 1153 4495 paullum
1192 4427 1458 4479 variantes
1494 4427 1815 4494 (θροῦ-15
1855 4441 1979 4477 mm.
2006 4423 2173 4495 longae
2198 4427 2254 4480 et
2277 4427 2434 4487 0,003
2449 4435 2540 4476 -·⁴

211 4531 333 4568 mm.
369 4515 598 4583 crassae).
673 4513 808 4569 Jodo
844 4512 951 4566 fere
987 4512 1087 4566 soli
1129 4512 1264 4576 asci,
1298 4512 1557 4582 praecipue
1597 4510 1783 4565 horum
1819 4510 2122 4565 membrana
2156 4514 2304 4583 apice
2344 4513 2544 4566 incras-

212 4607 349 4666 sata,
392 4602 612 4656 caeruleo
648 4601 928 4670 tinguntur
965 4598 1152 4654 colore.
