3177 5011
1791 342 1914 406 546

696 494 895 560 Multo
961 493 1164 559 minus
1230 493 1512 579 frequens
1579 496 1674 561 est
1730 517 1821 582 η.,
1889 516 2053 580 quae,
2100 497 2358 562 cortices
2411 497 2670 582 Populi,
2717 497 3018 574 Fraxini‚

695 594 874 662 Sorbi
917 597 1216 674 incolens,
1264 597 1423 664 lecta
1472 600 1567 663 est
1611 598 1773 664 circa
1814 598 2164 683 Upsaliam,
2207 599 2596 678 Stockholm‚
2646 600 3019 667 Gothlnnda

695 698 798 784 (Ο.
847 697 922 766 G.
966 698 1364 785 Blomberg);
1411 703 1474 766 in
1518 702 1780 769 Fennia:
1827 703 2091 770 Alandia
2134 703 2469 789 (E.Ny1.).
2522 705 2728 769 Etiam
2762 706 2845 770 ad
2880 709 3015 769 tra-

694 801 801 867 bes
861 803 928 867 in
992 800 1324 869 Gotlandia
1379 804 1567 879 (Narz
1639 803 1781 870 Chr.
1837 804 2311 889 Stenhammar).
2398 806 2750 873 Subsimilis
2806 807 3019 873 forma

694 905 771 971 ad
837 903 1273 972 Christianiam
1345 907 1451 987 (N.
1512 906 1587 973 G.
1645 908 1840 992 Moe).
1887 945 1966 956 -
2015 909 2159 973 Var.
2215 910 2287 971 θ.
2335 907 2505 992 ligna
2549 910 2711 975 nuda
2757 910 3016 985 incolit,

693 1011 998 1094 praecipue
1051 1010 1256 1076 trabes
1309 1010 1464 1075 locis
1518 1011 1789 1077 humidis
1843 1013 2079 1097 apricis·
2112 1017 2292 1080 terrae
2337 1013 2684 1096 argillaceae
2728 1017 3017 1097 prostra-

691 1116 788 1179 tas
832 1112 1118 1195 diligens.
1206 1113 1395 1179 Lecta
1439 1116 1534 1179 est
1576 1116 1807 1199 passim
1853 1116 1913 1180 in
1966 1115 2193 1182 Suecia
2248 1117 2450 1182 media
2499 1115 3018 1198 meridionalique

694 1218 876 1301 atque
930 1217 992 1281 in
1051 1216 1303 1283 Fennia
1353 1216 1757 1282 meridionali.
1852 1220 2186 1283 Rarissime
2246 1238 2431 1305 supra
2472 1222 2700 1311 terram
2746 1219 3014 1303 argilla-

690 1338 863 1386 ceam
909 1319 1145 1404 (Rasbo
1189 1318 1557 1404 Uplandiae).
1608 1357 1688 1367 —
1735 1319 2009 1387 Cortices
2052 1323 2337 1388 arborum
2365 1322 2813 1397 frondosarum,
2846 1342 3013 1406 prae-

691 1424 869 1508 cipue
922 1422 1275 1505 laevigatos,
1342 1423 1781 1507 epidermidem
1837 1424 2078 1490 Betulae
2131 1427 2246 1490 cet.
2304 1427 2472 1490 amat
2526 1444 2651 1489 var.
2710 1447 2755 1487 ι.
2802 1427 3013 1507 flavi-

689 1547 845 1592 cans
885 1545 1080 1611 neque
1125 1524 1297 1606 ligna
1343 1525 1505 1590 nuda
1548 1528 1794 1592 omnino
1838 1528 2022 1612 fugit.
2115 1528 2164 1592 Ε
2222 1529 2576 1612 regffonibus
2629 1529 3011 1613 septentrio-

689 1630 930 1697 nalibus
974 1649 1107 1695 eam
1159 1646 1282 1692 non
1334 1627 1600 1694 vidimus
1657 1633 1722 1695 et
1775 1634 1939 1697 certe
2000 1633 2063 1697 in
2122 1631 2621 1705 meridionalibus
2666 1631 2869 1697 multo
2919 1637 3015 1696 est

689 1734 1081 1819 frequentior.
1170 1731 1410 1797 Formae
1468 1732 1631 1798 inter
1677 1736 1724 1810 ζ.
1771 1737 1835 1800 et
1878 1758 1923 1800 ι.
1972 1735 2113 1819 (cfr.
2162 1734 2353 1820 infra)
2397 1735 2462 1799 in
2506 1734 2838 1801 corticibus
2898 1734 3009 1799 lae-

689 1839 914 1923 vigatis
958 1838 1048 1904 ibi
1091 1837 1431 1913 abundant,
1473 1838 1538 1902 in
1586 1838 1939 1905 borealibus
1985 1839 2266 1905 rariores,
2316 1875 2394 1885 —-
2442 1838 2590 1903 Var.
2636 1863 2691 1906 κ.
2738 1837 3011 1921 denique

688 1944 784 2008 est
832 1939 1362 2025 septentrionalia,
1416 1943 1709 2008 corticem
1762 1943 2004 2009 Abietis
2062 1943 2125 2007 in
2171 1941 2486 2026 Lapponia
2528 1941 2809 2008 silvatica
2856 1960 3010 2025 pas-

689 2044 807 2111 sim
850 2043 1120 2109 incolens
1164 2042 1482 2127 (Wnbg.).

857 2148 1026 2213 Inter
1089 2146 1315 2212 formas
1381 2147 1745 2213 muscicolas
1813 2147 1993 2232 longe
2048 2147 2425 2232 frequentior
2478 2149 2574 2211 est
2633 2145 2720 2224 λ.,
2778 2146 2844 2210 in
2906 2166 3009 2211 re·

687 2252 972 2338 gionibus
1032 2249 1364 2332 Norveyiae
1421 2250 1816 2334 hyperboreis
1873 2250 2253 2328 (Finmarkia
2322 2250 2586 2334 passim)
2652 2249 3007 2333 alpinisque

686 2356 952 2441 (Dovre,
998 2352 1323 2419 Solasaeter
1368 2354 1430 2418 in
1474 2354 1656 2433 Lom)
1706 2354 1935 2437 vigens.
2028 2354 2336 2418 Praeterea
2365 2353 2441 2419 ad
2476 2351 2868 2436 Trondhjem.
2932 2353 3007 2417 In

687 2458 915 2527 Suada
956 2458 1251 2524 hactenus
1293 2457 1716 2523 tantummodo
1762 2474 1950 2542 prope
1993 2455 2331 2541 Upsaliam.
2411 2455 2891 2539 Nonnumquam
2940 2455 3006 2519 in

686 2562 1036 2646 graminum
1092 2561 1328 2626 culmos
1381 2562 1686 2639 vetustoS,
1732 2561 2000 2626 ramulos
2050 2560 2433 2646 juniperinos
2477 2560 2593 2624 cet.
2643 2557 3003 2634 adscendit;

686 2684 824 2731 raro
869 2665 946 2730 ad
991 2664 1163 2749 ligna
1203 2664 1368 2729 nuda
1408 2664 1474 2751 jn
1518 2662 1743 2748 alpinis
1798 2664 2011 2749 (Njavi
2057 2665 2249 2748 Lapp.
2298 2664 2574 2728 LulenS.:
2635 2660 2885 2736 Hellb„
2939 2661 3005 2726 in

684 2767 926 2852 alpibus
984 2768 1434 2851 Dovrensibus)
1493 2768 1870 2833 observatur.
1932 2805 2007 2814 —-
2068 2767 2306 2833 Ultima
2360 2768 2558 2833 forma
2608 2789 2677 2848 μ.
2698 2815 2714 2844 ,
2772 2765 3003 2830 faciem

686 2871 932 2937 omnino
997 2872 1387 2957 peregrinam
1448 2871 1763 2956 praebenS,
1831 2871 2011 2937 unico
2078 2872 2213 2938 loco
2280 2873 2575 2939 hactenus
2639 2873 2734 2936 est
2796 2869 3000 2935 lecta:

683 2975 909 3041 Wamo
964 2974 1305 3060 Blekingiae
1350 2975 1413 3041 in
1466 2977 1799 3059 aggeribus
1853 2977 1931 3042 ad
1984 2976 2178 3042 Hvita
2230 2977 2407 3061 Krog
2451 2977 2565 3061 (H.
2612 2973 2768 3040 Falk
2814 2976 2878 3040 et
2928 2975 2998 3039 F.

684 3076 1044 3159 Svanlund).

820 3197 1115 3270 Displicent
1157 3197 1514 3253 verisimiliter
1555 3199 1834 3270 permultis
1877 3201 2247 3274 lichenologiS,
2311 3204 2453 3259 haud
2510 3221 2702 3276 paucas
2756 3204 2823 3259 ab
2869 3207 2999 3261 aliis

681 3287 961 3344 distinctas
1013 3286 1211 3356 species
1248 3284 1299 3339 h.
1335 3283 1373 3340 1.
1410 3285 1464 3338 in
1502 3302 1659 3340 unam
1696 3303 1807 3343 esse
1845 3289 2163 3359 conjunctas.
2234 3290 2464 3361 Ingenue
2502 3309 2705 3363 quoque
2742 3294 2996 3361 fatemur,

680 3391 776 3430 nos
820 3391 923 3428 non
966 3374 1069 3428 nisi
1124 3372 1318 3427 invitos
1370 3372 1449 3426 ita
1503 3372 1705 3429 fecisse.
1778 3374 1964 3431 Plures
2000 3379 2138 3433 enim
2177 3380 2459 3434 varietates
2497 3381 2637 3435 inter
2671 3398 2726 3435 se
2763 3382 2995 3437 invicem

677 3461 864 3516 habitu
887 3461 1127 3530 notisque
1152 3459 1282 3514 adeo
1318 3458 1646 3531 discrepant,
1687 3465 1747 3516 ut
1781 3464 1871 3532 qui
1897 3464 2152 3520 minorem
2187 3466 2528 3536 speciminum
2564 3485 2842 3525 numerum
2868 3489 2993 3527 exa-

676 3548 987 3616 minaverit,
1023 3564 1111 3602 eas
1146 3548 1288 3602 certe
1324 3546 1517 3601 habeat
1553 3547 1800 3604 diversas.
1872 3550 1983 3622 Ipsi
2017 3555 2157 3607 certe
2194 3554 2335 3608 ultra
2369 3554 2597 3624 quinque
2642 3560 2989 3627 speciminum

677 3634 940 3690 centurias
993 3634 1332 3704 microscopio
1384 3636 1771 3706 reagentiisque
1827 3637 2075 3693 chemicis
2133 3624 2312 3695 caute
2331 3641 2791 3714 investigavimuS,
2827 3652 2993 3718 atque

675 3726 820 3787 tum,
866 3736 1024 3791 quam
1066 3721 1375 3775 vacillantes
1411 3722 1520 3775 sint
1555 3738 1735 3777 omnes
1771 3726 1927 3778 antea
1961 3729 2187 3797 acceptoe
2223 3731 2383 3792 notae,
2423 3729 2575 3800 plene
2611 3735 2989 3804 perspeximus.

677 3807 802 3874 Quae
835 3824 941 3879 prae
978 3808 1167 3864 ceteris
1203 3808 1373 3878 magis
1409 3812 1654 3863 constans
1690 3813 1772 3865 est
1807 3806 1948 3876 visa,
1988 3813 2185 3883 praebet
2220 3814 2292 3884 h)
2293 3815 2593 3885 pothecium
2638 3820 2988 3877 incoloratum

675 3896 1057 3960 coloratnmve,
1104 3894 1195 3950 sed
1241 3894 1497 3966 praecipue
1543 3895 1599 3949 in
1643 3913 1690 3950 v.
1722 3897 2013 3966 flamcante
2060 3899 2223 3954 etiarn
2270 3902 2380 3957 hoec
2416 3903 2705 3961 variatione
2742 3911 2822 3962 est
2858 3909 2984 3962 sub·

669 3981 827 4052 jecta.
898 3981 974 4037 Ut
1016 3982 1070 4036 h.
1118 3982 1153 4036 1.
1191 3982 1583 4053 circumscripta
1618 3971 1700 4037 est
1735 3984 1955 4055 species,
1994 3988 2371 4058 paraphysibus
2407 3991 2676 4062 sporisque
2712 3993 2864 4048 facile
2899 3999 2989 4050 est

674 4069 1015 4141 agnoscenda
1056 4100 1119 4108 -
1157 4067 1348 4124 Crusta
1381 4055 1431 4123 Κ
1467 4070 1625 4140 vulgo
1661 4070 1912 4128 distincte
1948 4073 2244 4131 obsoleteve
2280 4076 2516 4143 latescit,
2555 4078 2648 4134 sed
2685 4082 2844 4136 etiam
2879 4083 2983 4137 im-

673 4158 881 4211 mutata
922 4158 1128 4222 manet3
1175 4143 1249 4211 Ca
1260 4155 1324 4211 Cl
1364 4172 1501 4211 nunc
1534 4157 1740 4215 intense
1776 4160 1930 4216 rubet
1963 4163 2242 4234 (praeeipue
2274 4181 2432 4235 quum
2457 4167 2511 4220 in
2535 4166 2736 4224 luteum
2764 4172 2981 4241 vergit),

673 4260 809 4299 nunc
841 4241 1207 4298 tantummodo
1242 4244 1376 4298 trita
1410 4243 1634 4300 colorem
1670 4247 1858 4302 leviter
1892 4248 2167 4305 rubentem
2203 4253 2423 4323 accipit,
2462 4270 2599 4309 nunc
2635 4257 2839 4312 omnino
2876 4275 2981 4313 non

671 4333 921 4386 mutatur.
992 4331 1284 4402 Apothecia
1317 4333 1561 4397 0,3—1,5
1603 4350 1723 4389 mm.
1763 4334 1890 4390 lata.
1963 4336 2271 4410 Excipulum
2308 4342 2394 4405 (ut
2418 4341 2649 4408 videt-ur)
2675 4343 2981 4406 normaliter

671 4420 821 4474 extus
855 4418 974 4489 plus
1010 4419 1182 4474 minus
1218 4419 1551 4475 coemlescens
1587 4421 1671 4476 vel
1707 4422 2027 4495 violascens,
2064 4426 2157 4481 sed
2193 4427 2352 4481 etiam
2389 4426 2497 4482 fere
2535 4430 2745 4484 omnino
2781 4430 2974 4484 incolo—

671 4507 869 4570 ratum,
921 4505 1216 4561 fuscescens
1265 4506 1349 4562 vel
1396 4506 2016 4580 tumescenti-nigricans·
2090 4511 2263 4581 Sporae
2300 4512 2612 4583 ellipsoideae
2650 4534 2696 4570 v.
2735 4516 2970 4586 globoso·

671 4590 1017 4663 ellipsoideae,
1053 4595 1347 4658 0,010-18
1386 4610 1508 4647 mm.
1545 4593 1714 4665 longae
1751 4600 1806 4651 et
1839 4598 2135 4660 0,006-—1o
2173 4616 2293 4652 mm.
2331 4615 2530 4655 crassae.
2592 4603 2711 4675 No,
2737 4604 2971 4659 adhibito
