3177 5011
1298 329 1424 398 253
1506 329 1515 332 ’

352 484 596 552 Forma
655 486 948 571 primaria
992 487 1224 571 optime
1271 486 1518 552 evoluta
1563 488 1787 553 crescit
1829 487 1906 553 ad
1951 487 2299 553 cementum
2342 488 2523 569 tegu-

162 588 403 674 lasque
478 609 794 655 murorum
876 591 1261 655 vetustorum
1336 591 1772 675 minarumque
1841 592 1903 656 in
1969 589 2227 666 Dam'a,
2302 588 2530 654 Suecv'a

161 693 453 775 (saltem
519 693 597 758 ad
662 692 1048 776 Upsaliam),
1121 694 1445 776 Norveyia
1511 693 1897 759 meridionali
1964 693 2400 779 (Christiania)
2467 693 2529 756 et

163 795 448 860 Fennia
494 796 746 861 australi
794 795 903 881 (ad
950 796 1173 860 moenia
1218 796 1461 862 castelli
1505 795 1738 862 Gustaf
1775 797 1990 862 Adolfs
2022 796 2206 861 faste:
2238 795 2309 860 Ε.
2349 794 2523 879 Nyl„

160 898 223 962 N
226 898 451 982 yslott
517 899 578 963 et
646 898 940 981 Wiborg:
1017 898 1088 963 Ο.
1156 898 1231 963 A.
1294 899 1345 963 Ι.
1393 897 1783 983 Carlenius);
1829 900 2127 982 praeterea
2170 899 2247 965 ad
2292 897 2525 962 calcem

162 999 555 1084 lapidesque
599 1001 914 1067 arenarios
959 998 1329 1077 Gotlandiae,
1376 1000 1708 1079 Oelandiae,
1756 1000 2194 1084 Ostrogothiae,
2244 1001 2525 1067 Westro-

169 1105 450 1187 gothiae,
490 1104 753 1170 Nericiae
786 1102 910 1188 (St.
950 1103 1241 1168 Mellosa:
1267 1103 1614 1189 Hellbom).
1661 1104 1938 1189 Denique
1961 1105 2026 1170 in
2049 1105 2308 1189 rupibus
2333 1103 2525 1168 mica-

170 1207 308 1271 ceis
373 1207 790 1291 calcareisque
847 1205 1271 1281 Nordlandiae,
1318 1204 1716 1282 Finmarkiae,
1763 1207 2093 1291 Lapponiae
2137 1207 2421 1273 Lulensis
2468 1207 2532 1271 et

170 1311 469 1375 Rossicae
494 1311 684 1395 (Pore
710 1309 919 1375 Guba:
946 1308 1022 1375 G.
1050 1308 1274 1393 Selin),
1302 1307 1852 1375 Gudbrandsdaliae
1875 1311 1990 1374 cet.
2017 1310 2279 1393 parcius.
2316 1309 2530 1393 Neque

171 1432 331 1477 saxa
381 1412 635 1478 duriora
680 1412 925 1477 omnino
970 1412 1159 1496 fugit,
1208 1411 1314 1476 sed
1359 1411 1586 1476 misera
1631 1412 1855 1478 evadit.
1943 1411 2169 1477 Forma
2208 1411 2531 1475 deminuta

168 1514 239 1579 in
280 1515 633 1599 parietibus
677 1515 925 1599 rupium
970 1514 1384 1580 calcarearum
1430 1515 1615 1597 atque
1669 1514 1981 1598 lapidibus
2027 1513 2323 1579 arenariis
2369 1510 2523 1577 Got-

173 1616 421 1683 landiae
467 1619 566 1683 sat
607 1617 959 1702 frequenter
1002 1619 1196 1684 adest.
1243 1654 1323 1664 —-
1372 1617 1516 1682 Var.
1560 1621 1621 1701 β.
1671 1617 1936 1684 vidimus
1982 1636 2015 1682 e
2060 1615 2280 1682 Scania
2321 1615 2531 1700 (Lund

180 1720 252 1784 in
298 1721 521 1786 muris-
552 1721 906 1804 calcareis),
953 1719 1285 1787 Gotlandia
1329 1720 1467 1805 (ubi
1513 1721 1591 1786 ad
1635 1721 1902 1796 calcem,
1948 1719 2339 1798 oolithidem,
2388 1738 2534 1785 saxa

182 1822 481 1890 arenaria
523 1843 643 1888 non
689 1826 786 1890 est
828 1823 1247 1909 infrequens),
1290 1823 1556 1889 Alandia
1599 1823 1697 1908 (in
1743 1824 2023 1889 cemento
2071 1841 2424 1888 murorum:
2456 1823 2529 1888 E.

177 1926 410 2011 Nyl.),
480 1925 899 1992 Kristinestad
957 1926 1063 2010 (A.
1108 1924 1171 1990 J.
1217 1925 1622 2010 Malmgren).
1712 1925 2003 1991 Formam
2048 1925 2192 1991 hnic
2234 1924 2528 1992 acceden-

177 2030 317 2095 tem
366 2048 401 2094 e
446 2028 811 2113 Kongsvold
855 2027 1093 2111 alpium
1138 2028 1550 2094 Dovrensium
1595 2029 2067 2113 reportavimus,

332 2183 547 2255 Species
591 2180 741 2237 valde
787 2184 996 2252 protea,
1035 2180 1182 2250 cujus
1219 2181 1485 2253 diagnosis
1521 2182 1767 2255 locusque
1802 2182 2175 2253 systematicus
2210 2179 2525 2236 difficillime

181 2270 475 2325 indicatur.
568 2270 779 2342 Optime
832 2269 1044 2324 evoluta
1096 2269 1334 2323 habitum
1385 2269 1638 2324 Placoda·
1685 2270 1908 2341 praebet,
1965 2270 2067 2325 etsi
2125 2269 2322 2323 thallus
2374 2270 2528 2324 modo

186 2374 357 2429 supra
393 2358 678 2412 corticatus
713 2357 1110 2411 Etclecanoram
1145 2356 1371 2421 indicat;
1410 2355 1602 2410 infimae
1638 2357 1816 2412 formae
1853 2373 1885 2410 a
1920 2355 1984 2410 L.
2026 2355 2243 2426 Haqem‘
2262 2355 2530 2424 aegerrime

186 2444 611 2517 distinguuntur.
652 2475 714 2485 —
754 2443 972 2499 Thallus
1025 2460 1160 2498 nunc
1215 2443 1554 2509 stramiacus,
1610 2459 1746 2497 nunc
1801 2443 2123 2508 albissimus,
2162 2426 2211 2497 K
2248 2459 2529 2514 numquam

188 2532 488 2599 coloratum
525 2532 790 2588 interdum
828 2532 1321 2604 subpulvernlentus
1356 2530 1549 2586 evadit.
1606 2529 1899 2601 Apothecia
1933 2531 2140 2585 variant
2166 2530 2530 2601 magnitudine

186 2618 378 2688 (diam.
424 2622 672 2684 Ο,4-1,5
721 2620 895 2688 ωιιι.),
937 2619 1109 2673 colore
1158 2617 1447 2686 (interdum
1481 2617 1808 2673 fuscescente
1845 2617 2229 2688 nigricanteve,
2268 2634 2426 2688 quum
2461 2616 2529 2671 L.

186 2705 462 2774 aubsmoe
497 2709 580 2759 est
632 2706 939 2775 simillima).
981 2737 1041 2747 -
1079 2705 1143 2760 In
1197 2724 1252 2757 a.
1316 2703 1637 2775 pamphyses
1690 2707 1814 2758 sunt
1867 2704 2114 2774 graciles,
2181 2705 2528 2769 cohaerentes,

190 2792 345 2862 apice
390 2791 623 2846 obsoleto
670 2793 974 2847 incrassate
1009 2794 1067 2847 et
1099 2791 1290 2847 leviter
1323 2789 1619 2854 fuscidulae,
1658 2788 1921 2863 epithecio
1957 2793 2237 2862 granuloso
2271 2792 2530 2848 fuscidulo

188 2880 380 2943 tectae,
437 2879 547 2934 asci
599 2879 818 2944 clavati;
874 2896 1037 2951 sporae
1089 2881 1388 2942 0,(110-15
1445 2895 1572 2932 mm.
1627 2878 1813 2949 longae,
1851 2880 2112 2941 0,00⁴—7
2160 2897 2286 2935 mm.
2324 2895 2528 2934 crassae.

191 2963 331 3019 Jodo
384 2965 691 3021 caerulescit.
765 2965 886 3020 Var.
924 2970 980 3035 β.
1004 3006 1017 3029 ,
1054 2965 1195 3020 inter
1241 2981 1398 3035 quam
1434 2968 1491 3020 et
1527 2984 1583 3021 α.
1621 2963 1799 3019 formae
1835 2982 2143 3037 unaquaque
2179 2966 2382 3021 ratione
2419 2966 2532 3020 evi·

194 3050 508 3106 (lentissime
559 3052 885 3107 intermedio
943 3053 1084 3108 haud
1121 3069 1238 3107 raro
1270 3052 1632 3115 inveniuntur,
1671 3051 1849 3107 differt
1880 3052 2263 3124 paraphysibus
2298 3052 2531 3124 paullulo

194 3137 555 3201 crassioribus,
593 3138 827 3193 obsoleta
863 3140 1182 3203 articulatis,
1221 3139 1370 3210 apice
1405 3138 1966 3194 tumescenti-clavatis
2001 3142 2058 3193 et
2103 3140 2363 3211 epithecio
2408 3156 2530 3211 gra·

196 3227 383 3281 nnloso
408 3226 581 3280 tectis.
628 3226 783 3281 Locis
816 3227 988 3281 minus
1023 3227 1214 3299 apricis
1249 3225 1481 3281 evadunt
1515 3229 1643 3281 totae
1679 3227 2016 3296 subhyalinae,
2037 3227 2355 3299 graciliores,
2382 3228 2530 3297 apice

193 3315 371 3368 minus
407 3314 725 3367 incrassatas.
771 3344 829 3352 —
868 3312 1163 3383 Spennatia
1197 3313 1443 3384 gracilia,
1476 3313 1785 3378 acicularia,
1824 3317 2043 3368 curvata
2075 3312 2422 3384 flexuosaque.

339 3451 454 3507 obs.
523 3450 807 3508 Lecanoroe
838 3451 1305 3521 Sonunerseuu‘ana
1339 3451 1455 3507 mk
1496 3453 1794 3522 (Par-melia
1828 3467 2028 3521 ruqosa
2062 3468 2170 3507 var.
2191 3452 2531 3521 Sammatfel-

196 3540 352 3594 tiana
404 3538 493 3592 Fr.
548 3538 602 3593 S.
656 3539 718 3593 V.
773 3538 857 3594 Sc.
904 3558 955 3612 p.
1003 3540 1130 3613 108)
1166 3539 1355 3594 leviter
1390 3537 1570 3594 differt
1605 3538 1773 3593 thallo
1809 3539 2000 3608 effuso,
2036 3539 2499 3611 subpulverulento
2515 3578 2530 3602 ,

196 3627 318 3681 albo
371 3629 531 3697 atque
582 3627 976 3697 apotheciorum
1028 3627 1262 3696 margine
1316 3625 1651 3695 subintegro;
1706 3624 1942 3694 ejusdem
1993 3632 2053 3697 β.
2108 3644 2295 3683 umora
2346 3626 2528 3682 Smrft.

197 3713 378 3785 Suppl.
432 3732 485 3785 p.
542 3714 611 3766 84
664 3731 696 3767 a
740 3714 962 3769 normali
1012 3733 1065 3766 α.
1115 3729 1218 3768 non
1256 3711 1435 3767 differt
1470 3713 1574 3767 nisi
1610 3711 1779 3766 thallo
1814 3713 2081 3770 macriore.
2120 3745 2182 3755 —
2220 3713 2284 3769 In
2318 3716 2532 3786 scriptis

198 3801 508 3856 Acharianis
562 3799 740 3855 formae
793 3800 859 3855 acl
914 3820 969 3853 α.
1028 3801 1356 3872 pertinentes
1402 3800 1565 3854 etiam
1612 3801 1706 3854 sub
1741 3799 2024 3855 Lecanora
2062 3799 2227 3854 livida
2265 3798 2421 3854 Univ.
2475 3818 2528 3871 p.

199 3890 333 3952 375,
392 3888 514 3957 Syn.
551 3904 604 3958 p.
644 3888 750 3941 170
784 3891 869 3953 (α)
904 3889 1259 3942 inveniuntur.
1330 3886 1530 3940 Proeter
1563 3889 1853 3958 specimina
1886 3887 2158 3958 primaria,
2197 3885 2265 3941 ad
2301 3906 2357 3939 α.
2396 3904 2529 3959 prae·

198 3977 364 4031 sentis
401 3975 595 4046 speciei
630 3973 927 4037 referenda,
965 3974 1067 4029 buc
1104 3975 1159 4029 in
1194 3974 1280 4028 bb.
1316 3974 1446 4028 Ach.
1482 3973 1644 4029 ducta
1678 3977 1803 4029 sunt
1826 3974 2142 4045 exemplaria
2164 3974 2344 4029 formae
2368 3975 2527 4029 derni-

197 4062 415 4131 nutaeC’
416 4078 526 4116 var.
560 4060 840 4130 confer-td
878 4078 907 4117 e
943 4061 1144 4131 Scofia)
1177 4064 1236 4116 et
1269 4060 1389 4115 Loe.
1428 4062 1592 4116 van’ae
1625 4069 1681 4134 β.
1710 4062 2063 4133 polytropoe*
2082 4062 2367 4129 ἑπῡηαιὲως
2394 4061 2531 4116 '’var.

190 4147 515 4219 polychmffl
559 4151 643 4203 est
675 4148 844 4204 forma
875 4148 942 4203 L.
978 4148 1287 4203 albescentes
1320 4151 1496 4204 crusta
1529 4149 1793 4213 subnulla,
1840 4148 2133 4219 apotheciis
2169 4148 2526 4219 conglomera·

328 4264 392 4277 -
430 4234 497 4290 L.
554 4237 707 4290 varia
761 4254 804 4288 ι.
859 4236 1114 4305 αῑρόρεκα
1163 4234 1319 4290 Univ.
1374 4253 1425 4306 p.
1471 4236 1577 4289 3⁷9
1620 4236 1913 4307 composita
1957 4239 2041 4290 est
2074 4251 2103 4290 e
2137 4233 2207 4288 L.
2243 4235 2533 4292 albescente

205 4323 505 4391 (maximam
558 4324 812 4394 partem),
866 4339 1094 4386 cmm,
1142 4324 1445 4393 polytropae
1497 4323 1668 4378 forma
1711 4338 1901 4377 macra.
1966 4323 2241 4378 Panmlia
2276 4323 2534 4378 amala

201 4409 331 4464 Ach.
388 4408 553 4463 neth.
608 4409 789 4482 Suppl.
844 4428 895 4481 p.
952 4410 1049 4474 39,
1103 4409 1383 4465 Locanora
1435 4411 1693 4465 anomala
1740 4428 1794 4461 α.
1833 4407 1988 4463 Univ.
2025 4427 2077 4480 p.
2116 4409 2236 4473 381,
2274 4409 2394 4463 Vet.
2434 4410 2531 4464 Ak.

202 4495 394 4551 Handl.
451 4496 590 4550 1810
642 4513 693 4567 p.
752 4497 878 4559 141,
938 4513 1052 4568 quae
1098 4513 1203 4551 una
1238 4514 1357 4552 curn
1392 4498 1565 4570 priore
1601 4498 1658 4553 in
1693 4496 1813 4566 Syn.
1850 4514 1901 4567 p.
1938 4496 2045 4550 170
2078 4496 2378 4567 appellatur
2412 4495 2530 4552 Lec.

206 4584 372 4640 livida
406 4589 462 4656 β.
501 4586 787 4657 alpiqena,
824 4587 907 4639 est
942 4583 1113 4639 forma
1146 4586 1319 4639 minus
1353 4584 1565 4640 evoluta
1600 4584 1669 4640 L.
1707 4585 2014 4641 albescentis
2048 4583 2230 4655 (K-).
2273 4613 2338 4625 --·
2364 4583 2534 4642 Loca-
