3177 5011
1683 332 1801 394 144

746 481 854 551 'Ad
909 486 1170 551 cortices
1222 486 1511 551 arborum
1571 482 2000 549 frondosarum
2046 484 2430 549 vetustarum
2475 484 2719 570 (aesculi
2735 534 2750 563 ,
2796 504 2907 571 po-

583 588 721 673 puli
763 589 949 673 cet.>,
981 590 1045 654 in
1076 588 1578 654 meridionalibus
1608 586 1836 651 nostris
1870 586 2204 669 provinciis
2237 586 2337 652 vix
2373 587 2706 652 admodum
2737 607 2910 667 rara,

586 694 705 757 etsi
750 693 1048 757 hactenus
1091 693 1466 776 praetervisa.
1516 689 1867 773 Specimina
1910 689 2338 755 scandinavica
2380 689 2558 754 nobis
2602 710 2722 757 non
2765 710 2910 756 con·

585 796 736 879 tigit
779 795 1147 860 examinare.
1193 796 1512 861 Iudicatur
1556 810 1701 858 vero
1748 813 1781 856 e
1827 791 2055 857 Dania
2098 792 2235 876 (ΒΓ.
2280 794 2343 857 et
2385 792 2593 859 Rostr.
2640 794 2684 859 l.
2721 794 2826 878 c.).

727 915 808 968 Ad
864 914 1245 984 praecedentem
1293 929 1407 967 sese
1457 911 1618 966 habet
1652 912 1759 964 fere
1798 914 1859 964 ut
1894 909 2139 964 Getran‘a
2176 910 2544 965 Fahzunensis
2578 911 2647 966 ad
2683 912 2741 967 0.
2779 929 2913 966 ωηι-

583 1002 821 1055 mixtam.
864 1033 926 1040 —
964 1001 1138 1072 Sporae
1172 1000 1472 1062 0,015—20
1507 1014 1634 1052 mm.
1674 998 1842 1065 longae
1891 1000 1946 1050 et
1989 999 2287 1059 (hone—10
2326 1015 2449 1051 mm.
2488 1015 2689 1052 crassae.
2765 1000 2916 1071 Sper·

586 1088 753 1140 matis
789 1087 911 1141 circ.
948 1088 1108 1149 0,018
1146 1101 1269 1139 mm.
1307 1085 1681 1155 longa‚·o,001
1726 1102 1852 1138 mm.
1892 1085 1978 1138 vix
2014 1099 2203 1137 crassa.

728 1192 844 1246 θῦε.
883 1191 932 1242 1.
1007 1192 1110 1245 Per
1145 1187 1247 1242 duo
1301 1188 1469 1242 lustra
1521 1188 1630 1243 fere
1670 1188 1950 1257 quotannis
1987 1186 2172 1256 (etiam
2209 1185 2274 1240 de
2309 1186 2410 1240 hac
2446 1187 2632 1258 planta
2666 1189 2720 1242 in
2758 1189 2916 1243 Flora

584 1277 621 1330 l.
660 1293 703 1330 c.
740 1276 1023 1347 disserens)
1067 1274 1179 1329 Cel.
1233 1274 1501 1345 Nylander
1536 1275 1697 1330 verba
1731 1278 1911 1329 nostra
1946 1274 2010 1327 de
2047 1274 2369 1342 spermatiis:
2409 1274 2605 1344 'neque
2641 1276 2820 1346 magni
2856 1292 2920 1331 ea

583 1363 856 1418 duximus”
893 1362 1045 1433 (Gen.
1083 1361 1318 1416 Heterol.
1355 1380 1406 1432 p.
1433 1363 1524 1431 36)
1558 1363 1861 1432 vituperans
1898 1360 2100 1414 citavit.
2174 1359 2431 1415 Observes
2467 1365 2671 1424 tamen,
2711 1380 2912 1432 quaeso,

587 1466 684 1504 nos
734 1450 810 1503 ibi
866 1451 950 1518 (ut
1003 1449 1281 1517 unicuique
1335 1448 1585 1503 facillime
1640 1450 1813 1520 patet)
1858 1447 1921 1502 de
1959 1447 2011 1499 vi
2048 1446 2234 1501 horum
2270 1463 2584 1518 organorum
2621 1449 2688 1503 ad
2718 1467 2918 1518 qenera

585 1535 857 1590 condenda
890 1536 1095 1590 locutos
1131 1550 1274 1601 esse3
1319 1536 1505 1590 statim
1541 1538 1796 1605 praeterea
1846 1532 2147 1588 addidimus
2173 1533 2433 1603 ”aliquam
2469 1535 2605 1589 forte
2642 1536 2709 1590 iis
2745 1540 2916 1605 syste-

588 1624 838 1677 maticam
873 1622 981 1676 vim
1017 1621 1218 1676 inesse”
1243 1624 1403 1691 atque
1431 1621 1563 1675 ”non
1587 1621 1799 1675 omnino
1822 1620 1932 1673 hoec
1956 1635 2152 1688 organa
2174 1619 2313 1674 infra
2336 1622 2653 1677 omisimus?
2692 1622 2919 1677 Omnino

585 1709 770 1763 eodem
805 1708 961 1763 modo
996 1707 1268 1762 evidenter
1303 1724 1608 1779 progressus
1643 1710 1726 1760 est
1749 1704 1859 1759 Cel.
1886 1705 2179 1774 Nylander;
2226 1707 2525 1762 Getran‘am
2558 1711 2918 1773 committam,

587 1796 871 1865 Ray-sciam
905 1794 1301 1864 adqlutt'natam
1338 1797 1439 1849 cet.
1480 1794 1567 1863 (ne
1616 1806 1919 1846 numerosas
1953 1790 2219 1847 lichenum
2255 1794 2563 1849 inferiorum
2599 1797 2802 1866 species
2836 1795 2917 1850 af-

588 1881 840 1946 feramus)
875 1898 908 1934 a
943 1881 1323 1959 congeneribus
1357 1897 1460 1934 non
1494 1878 1734 1933 removit.
1807 1876 1884 1929 Re
1920 1892 2044 1931 vera
2078 1877 2223 1932 nulla
2258 1880 2365 1950 (vel
2401 1880 2592 1935 saltem
2626 1882 2919 1952 levissima)

587 1967 891 2023 differentia
924 1968 1063 2021 inter
1098 1984 1194 2023 nos
1229 1967 1382 2022 adest
1414 1965 1636 2034 ideoque
1671 1963 1819 2018 nulla
1854 1962 1977 2016 rixae
2014 1965 2169 2025 ratio.

728 2072 843 2127 θῦε.
880 2074 929 2125 2.
1001 2069 1295 2125 Secundum
1340 2070 1579 2125 habitum
1626 2070 1897 2123 externum
1942 2064 2010 2119 ad
2046 2066 2180 2120 hanc
2217 2068 2445 2137 speciem
2482 2071 2714 2139 pertinet
2750 2071 2919 2125 Leca-

584 2173 725 2213 nora
775 2158 1034 2227 sophodes
1071 2153 1124 2209 δ.
1165 2156 1384 2227 drymca
1435 2156 1566 2211 Ach.
1605 2154 1759 2209 Univ.
1807 2171 1856 2225 p.
1896 2152 2024 2213 357,
2080 2151 2148 2206 L.
2184 2153 2444 2222 sophocles
2496 2161 2553 2225 ῥ’.
2593 2158 2836 2212 colobimz
2871 2174 2917 2213 c,

588 2243 805 2313 εἷο-φησει
842 2242 963 2314 Syn.
1000 2261 1053 2313 p.
1094 2243 1211 2296 153.
1284 2241 1580 2313 Spermatia
1613 2242 1812 2296 frustra
1847 2237 2200 2308 quaesivimus.

1139 2454 1240 2517 ll.
1330 2450 1827 2518 XANTHORIA
1868 2450 2041 2536 (Fr.)
2087 2450 2353 2517 Stizenb.

761 2587 1019 2653 Thallus
1065 2589 1420 2671 foliaceuS,
1486 2589 1951 2654 horizontaliter
2016 2608 2318 2672 expansus
2366 2590 2467 2654 vel
2511 2588 2918 2667 adscendens,

589 2690 864 2754 rhe'zim's
908 2690 1127 2755 affixus
1145 2739 1159 2767 ,
1205 2692 1593 2756 aurantiacus
1636 2692 1736 2756 vel
1780 2691 2006 2767 flavus3
2054 2692 2377 2776 apothecis
2420 2711 2609 2775 supra
2652 2690 2921 2756 thallum

590 2812 804 2875 sparsa
847 2793 943 2857 vel
990 2793 1505 2878 submarginalia,
1539 2794 2038 2872 scutelliformia,
2064 2795 2345 2878 excipulo
2378 2793 2653 2860 thallode
2685 2794 2917 2868 cincta;

590 2914 786 2977 sporae
830 2895 1165 2978 dyblastae,
1221 2897 1618 2971 incoloratoe‚·
1639 2943 1647 2947 -
1671 2899 2102 2980 spermogonia
2144 2917 2388 2982 sparsa,
2448 2895 2644 2960 thallo
2690 2896 2918 2960 innata.

733 3012 870 3082 Syn.
942 3013 1219 3068 Parmelia
1253 3015 1329 3068 D.
1368 3013 1681 3067 Xanthoria
1732 3013 1821 3067 Fr.
1860 3013 1909 3067 S.
1949 3013 2010 3068 Ο.
2046 3016 2110 3068 V.
2147 3016 2332 3085 (1825)
2375 3033 2428 3086 p.
2467 3016 2571 3068 243
2607 3015 2682 3084 (p.
2720 3016 2815 3084 p.).
2858 3043 2917 3054 -

595 3098 907 3154 Xanthos-ia
942 3099 1040 3152 Th.
1079 3099 1168 3154 Fr.
1209 3100 1353 3154 Lich.
1390 3100 1534 3153 Arct-
1571 3100 1757 3170 (1860)
1782 3118 1834 3171 p.
1860 3101 1928 3154 66
1964 3103 2040 3171 (p.
2062 3105 2166 3172 p.),
2205 3102 2336 3156 Gen.
2378 3101 2608 3156 Heterol.
2644 3118 2697 3171 p.
2718 3101 2918 3170 6002),

592 3185 820 3240 Stizenb.
855 3186 1019 3240 Beitr.
1057 3203 1099 3240 z.
1137 3186 1525 3255 Flechtensyst.
1582 3187 1771 3255 (1862)
1825 3205 1877 3257 p.
1916 3189 2034 3242 173.
2076 3220 2140 3228 -
2177 3189 2417 3258 Physct'ae
2458 3204 2539 3256 sp.
2576 3186 2699 3256 Nyl.
2735 3185 2919 3240 Prodr.

590 3288 643 3340 p.
682 3272 809 3335 305,
865 3271 987 3342 Syn.
1023 3289 1074 3342 p.
1109 3273 1241 3335 406,
1279 3271 1463 3327 Scand.
1501 3290 1550 3343 p.
1588 3274 1708 3327 107.
1738 3304 1800 3312 —
1838 3274 2076 3344 Hmsciae
2110 3278 2167 3329 et
2201 3274 2540 3330 Candelarioe
2572 3290 2708 3342 spec.
2757 3272 2919 3326 Korb.

589 3356 731 3426 Syst.
769 3376 819 3428 p.
856 3358 928 3411 90
962 3360 1019 3411 et
1054 3359 1172 3412 120.

731 3461 964 3530 Descript.
1021 3461 1250 3516 Thallus
1284 3461 1917 3533 foliaceo-complanatus,
1956 3462 2508 3517 stellato-orbicularis
2544 3461 2921 3532 depressusque

590 3546 676 3599 vel
711 3544 1057 3610 adscendens,
1113 3548 1255 3602 varie
1293 3547 1501 3602 lobatus
1537 3547 1624 3602 vel
1659 3548 2162 3611 laciniam-divinus,
2208 3548 2425 3602 rhizinis
2460 3547 2700 3620 pallidis,
2739 3565 2768 3601 e
2803 3547 2919 3600 ffla-

587 3634 784 3688 mentis
836 3633 1043 3688 coalitis
1096 3635 1381 3698 contextis,
1438 3633 1703 3689 substrato
1752 3635 1976 3700 adfixus3
2015 3636 2185 3689 latera
2218 3634 2352 3689 facie
2393 3638 2607 3689 externa
2639 3634 2920 3697 distincta,

589 3720 808 3775 inferius
861 3720 1002 3789 apud
1055 3720 1251 3775 formas
1304 3719 1679 3775 decumbentes
1731 3721 1995 3792 pallidius.
2068 3720 2225 3775 Color
2259 3720 2459 3783 luteus,
2498 3737 2636 3775 nunc
2673 3737 2734 3775 ex
2771 3718 2922 3774 acido

587 3806 998 3876 chrysophanico
1044 3806 1314 3862 intensior.
1349 3810 1405 3861 et
1440 3793 1490 3860 K
1544 3808 2207 3879 violaceoepurpnrascens,
2274 3823 2412 3860 nunc
2464 3807 2712 3878 pallidior
2773 3814 2830 3864 et
2870 3794 2923 3864 K

587 3909 692 3947 non
729 3895 982 3946 mutatus.
1059 3892 1296 3947 Stratum
1349 3893 1639 3949 medullare
1684 3911 1712 3948 e
1759 3894 2045 3949 filamentis
2079 3895 2194 3949 laxe
2229 3893 2493 3948 intricatis
2530 3898 2801 3957 constans,
2838 3896 2922 3949 in-

587 3978 797 4034 terdum
849 3979 906 4033 in
960 3980 1123 4034 telam
1177 3979 1695 4050 perenchymaticam
1728 3979 1904 4034 nisum
1939 3978 2174 4050 praebens
2208 3979 2532 4033 transeundi.
2605 3979 2830 4035 Gonidia
2866 3983 2923 4035 in

587 4066 771 4121 formis
824 4064 1121 4136 deplanatis
1157 4081 1341 4120 zonam
1374 4067 1782 4137 subcontiguam
1816 4066 1955 4121 infra
1989 4069 2217 4120 stratum
2251 4066 2501 4121 corticale
2536 4068 2778 4137 superius
2813 4068 2919 4122 for-

584 4157 759 4217 mant,
797 4154 854 4207 in
889 4153 1074 4207 formis
1110 4151 1549 4208 adscendentibus
1584 4152 1726 4206 inter
1768 4151 2040 4207 filamenta
2081 4152 2394 4208 medullaria
2420 4169 2618 4224 sparsa.
2673 4153 2921 4209 Stratum

583 4240 832 4294 corticaze
864 4241 1142 4309 utriusqtoe
1180 4240 1362 4294 lateras
1409 4240 1652 4294 damnate
1684 4239 2236 4308 parmchymatoeum.
2310 4237 2526 4293 Soredia
2558 4240 2923 4309 integumento

586 4326 1047 4396 parencbymatico
1085 4324 1425 4380 circumdata.
1478 4323 1613 4395 (Cfr.
1652 4328 1904 4395 preterea
1939 4323 2206 4379 Schwend.
2244 4323 2454 4379 Unters.
2488 4324 2562 4378 II.
2601 4343 2652 4396 p.
2677 4327 2922 4396 34-38).

725 4449 1020 4518 Apothecia
1073 4445 1368 4510 concolora,
1424 4445 1634 4500 elevata
1685 4444 1770 4499 vel
1822 4445 2097 4516 adpressa;
2135 4444 2512 4515 hypothecium
2547 4444 2920 4510 incoloratum,

584 4536 754 4588 strato
808 4534 1088 4589 medullari
1140 4533 1472 4602 impositum
1529 4531 1745 4600 gonidia
1780 4531 1847 4586 ad
1885 4531 2203 4602 receptaculi
2239 4534 2468 4585 stratum
2505 4532 2753 4587 cortieale
2790 4550 2919 4604 prn-
