3177 5011
1277 332 1361 399 77

290 484 437 557 Syn.
512 487 814 558 Bceomycee
845 488 1160 565 caepitiems
1203 488 1348 545 Pers.
1386 490 1440 544 in
1477 488 1595 546 Uet.
1634 487 2073 562 Ann.1.(1⁷s4)
2125 506 2178 561 Ρ.
2215 491 2319 545 155
2355 489 2482 560 (see.

167 591 293 646 spec.
331 576 469 645 orig.
507 576 563 629 in
599 574 689 628 hb.
728 575 911 645 Ach.)‚
949 576 1077 630 Ach.
1114 576 1280 631 Meth.
1319 595 1370 648 p.
1411 579 1531 632 325.
1563 609 1627 618 -
1654 578 1921 633 Cladom'a
1955 578 2074 635 mk.
2111 576 2260 633 clad.
2297 578 2484 648 (1828)

165 678 210 731 p.
244 662 292 725 8,
332 661 461 731 Nyl.
500 661 688 716 Seaud.
727 680 778 732 p.
815 665 901 717 57.
926 694 987 704 —
1027 662 1306 734 Cenomyce
1338 663 1470 718 Ach.
1509 665 1633 734 Syn.
1671 681 1724 735 Ρ.
1764 665 1868 718 249
1903 666 1979 736 (Ρ.
2014 667 2110 737 Ρ).

288 748 493 802 Lichen
528 749 948 819 symphycavpue
982 750 1145 804 Ebrh.
1185 752 1371 822 (1793)
1408 768 1509 806 exs.
1548 769 1601 806 ιι.
1641 751 1761 805 257.

161 920 194 973 S
291 835 600 975 Βωωὲιῃοεε
632 838 894 906 stt-epea&
928 837 1059 891 Ach.
1098 836 1264 891 Meth.
1303 836 1484 908 Suppl.
1523 857 1577 910 p.
1600 838 1686 892 52.
1709 835 2066 907 -Genomyce
2098 834 2254 893 Umv.
2275 856 2327 908 p.
2351 841 2478 905 527,

191 937 273 990 yn.
310 939 369 991 p.
407 923 440 974 2
480 922 532 975 9.

286 1007 527 1062 Lecidea
561 1008 793 1063 demtis-sa
823 1008 1040 1080 Spreng.
1079 1009 1162 1064 ΕΙ.
1199 1009 1415 1065 Halone.
1455 1029 1506 1082 p.
1546 1012 1649 1067 321
1674 1012 1801 1081 (sec.
1826 1027 1966 1082 spec.
1987 1010 2117 1079 orig.
2137 1010 2193 1065 iu
2213 1010 2302 1066 hb.
2322 1010 2479 1083 mk).

287 1096 532 1149 Biatora
568 1093 834 1149 Cladom’a
868 1096 954 1149 Fr.
990 1095 1127 1165 Syst.
1163 1094 1288 1150 orb.
1329 1097 1459 1169 Veg.
1497 1116 1547 1169 p.
1587 1097 1716 1162 285,
1753 1095 1815 1150 L.
1853 1096 1913 1150 E.
1949 1114 2001 1167 p.
2039 1097 2159 1151 256.

288 1181 566 1235 Cladonia
601 1198 885 1253 squamosa
922 1182 973 1245 ζ.
1012 1182 1284 1252 epiphylla
1318 1183 1480 1240 Korb.
1517 1185 1653 1256 Syst.
1688 1202 1738 1255 p.
1776 1185 1857 1238 33.

284 1269 563 1324 Cladom‘a
590 1271 819 1340 furcata
855 1269 908 1322 d.
946 1269 1229 1337 caespitem
1263 1270 1353 1325 Br.
1392 1274 1449 1327 et
1483 1272 1663 1327 Rostr.
1701 1270 1836 1325 Dan.
1874 1287 1927 1341 p.
1964 1267 2053 1322 44.

282 1356 433 1411 Exs.
509 1355 674 1410 Ehrh.
713 1373 820 1411 exs.
857 1373 909 1410 n.
947 1357 1075 1411 257!

320 1462 424 1526 Ad
493 1463 723 1527 terram
786 1480 1059 1526 macram
1111 1460 1177 1525 in
1220 1461 1466 1526 erieetis
1513 1463 1630 1527 cet.
1649 1509 1665 1539 ‚
1711 1462 1911 1528 rarius
1955 1460 2035 1526 ad
2079 1461 2329 1525 truncos
2372 1477 2477 1524 ea-

157 1566 367 1630 tiosos,
476 1563 658 1649 Apud
714 1583 825 1629 nos
881 1583 1001 1628 non
1056 1563 1173 1628 nisi
1219 1583 1400 1648 parce
1445 1564 1640 1630 lecta:
1685 1564 1748 1629 in
1792 1563 2021 1630 Dam'a
2064 1563 2369 1648 praecipue
2415 1562 2480 1627 in

156 1666 508 1752 Sjaellandia
530 1667 765 1733 boreali
800 1667 863 1731 et
887 1666 1050 1731 circa
1072 1667 1590 1751 Himmelbjerget
1611 1665 1654 1732 J
1655 1667 1944 1752 yllandiae
1970 1667 2107 1753 (Br.
2131 1670 2193 1731 et
2214 1664 2475 1749 Rostr.);

154 1772 209 1836 in
258 1770 498 1836 Sueeia
546 1771 626 1836 ad
686 1767 931 1855 Femsj6
986 1769 1355 1836 Smolandiae
1401 1773 1466 1836 et
1506 1770 1584 1836 sd
1628 1767 2149 1853 Gunnarsgfirden
2192 1770 2476 1835 Westro-

154 1873 380 1955 gothiae
428 1871 763 1958 (Gi-ame),
811 1871 901 1937 St.
947 1872 1212 1938 Mellosa
1252 1872 1518 1938 Nerioiae
1562 1872 1874 1958 (Hellb.);
1934 1874 1997 1938 in
2048 1872 2371 1955 Norveyia
2413 1872 2478 1936 in

152 1976 532 2060 Egebjerget
572 1995 669 2061 pr.
718 1973 1150 2040 Christianiam
1200 1974 1311 2060 (N.
1339 1972 1414 2040 G.
1440 1975 1649 2055 Moe),
1697 1975 1773 2042 ad
1817 1976 2090 2059 Laurvig
2132 1975 2195 2041 in
2241 1974 2477 2040 truncis

152 2080 644 2162 putrescentibus
688 2077 821 2162 fagi
866 2077 1126 2166 (Blytt).
1214 2077 1287 2142 In
1334 2078 1585 2144 Fennia
1630 2099 1749 2145 non
1792 2080 1942 2145 visa.

282 2214 431 2268 Num
464 2232 497 2269 a
533 2215 615 2271 01.
651 2231 936 2286 squamosa
950 2257 966 2286 ,
1020 2220 1082 2271 ut
1116 2216 1274 2287 vulgo
1310 2220 1525 2273 censent
1559 2220 1827 2281 suctores,
1865 2216 2120 2287 originem
2156 2213 2339 2278 ducat,
2376 2213 2474 2269 du-

150 2298 291 2354 bium
346 2300 584 2367 videtum
637 2320 801 2358 nexus
852 2320 969 2359 cum
1024 2303 1105 2359 01.
1134 2304 1409 2374 pyndata
1462 2321 1569 2358 var.
1599 2305 1842 2373 pityrea,
1896 2319 2052 2373 quem
2095 2301 2329 2356 affirmat
2364 2300 2474 2356 Cel.

150 2386 430 2451 Coemans,
486 2390 650 2444 etiam
697 2389 982 2459 majoribus
1033 2391 1301 2460 subjectus
1354 2392 1565 2448 videtur
1617 2390 1807 2446 dubiis.
1879 2388 2022 2443 Satis
2053 2390 2196 2443 enim
2231 2391 2476 2443 eonstans

150 2473 358 2530 videtur
394 2473 595 2546 planta,
632 2478 824 2550 quippe
860 2496 973 2551 quoe
1009 2478 1360 2551 quadraginta
1393 2479 1584 2535 saltem
1620 2494 1784 2534 annos
1820 2476 2032 2533 omniuo
2068 2475 2349 2532 immutata
2383 2492 2473 2531 eo-

148 2560 266 2615 dem
319 2560 437 2616 1000
491 2567 790 2621 occurrerit.
833 2597 891 2606 —
933 2567 1186 2637 Coespites
1222 2566 1414 2621 minuti
1460 2583 1507 2620 v.
1554 2567 1784 2637 expansi.
1856 2564 2222 2636 Phylloeladia
2265 2564 2470 2628 tenuia,

149 2648 378 2720 fragilia.
453 2648 749 2721 Resgentia
781 2653 939 2707 solita
973 2653 1043 2708 sd
1075 2653 1385 2709 mutandum
1420 2653 1644 2709 colorem
1679 2653 1760 2708 nil
1795 2653 1986 2708 valent.

285 2774 402 2830 obs.
472 2773 678 2829 Nomen
712 2774 1136 2845 antiquissimum
1169 2775 1581 2831 Ebrhartianum
1617 2776 2029 2831 restituissemus
2044 2815 2057 2838 ,
2086 2774 2188 2829 nisi
2224 2772 2472 2829 diversis-

152 2862 279 2915 simo
312 2860 472 2915 modo
507 2861 575 2915 sb
609 2863 908 2918 auctoribus
943 2862 1132 2918 fuisset
1165 2864 1448 2927 usitatum,
1487 2862 1709 2934 ideoque
1746 2862 2075 2917 confusiones
2106 2860 2262 2916 facile
2295 2865 2474 2916 essent

149 2948 390 3003 oriundae.
428 2977 497 2989 —
521 2947 719 3005 Heben
753 2950 1055 3020 cpiphyllus
1088 2948 1221 3004 Aah.
1257 2947 1442 3005 Prodr.
1479 2968 1532 3021 p.
1568 2950 1674 3005 185
1710 2951 2033 3021 (Baeomycoe
2065 2947 2233 3003 Meth.
2272 2965 2323 3018 p.
2347 2949 2468 3013 325,

149 3034 429 3105 Cmmnyce
461 3033 617 3090 Univ.
639 3054 693 3108 p.
715 3038 816 3090 527
836 3036 944 3106 (α),
984 3034 1412 3105 Cen.eoespitt'cia
1446 3036 1565 3107 Syn.
1602 3054 1655 3108 p.
1696 3037 1800 3090 249
1835 3055 1889 3107 p.
1927 3038 2026 3107 Ρ.),
2063 3034 2166 3089 huc
2202 3034 2468 3088 interdum

147 3120 364 3185 ductus,
421 3121 517 3175 sub
555 3121 637 3177 CI.
665 3123 937 3192 pyxidula
991 3126 1074 3178 est
1128 3122 1339 3177 allatus.
1381 3154 1442 3165 —-
1483 3125 1683 3178 Baeom.
1721 3140 1760 3176 s.
1799 3123 1923 3177 Cen.
1959 3123 2223 3192 strepeilis
2258 3121 2468 3175 omnino

146 3208 298 3278 hujus
334 3210 419 3262 est
453 3207 558 3263 loci
591 3212 671 3279 (et
707 3229 762 3262 α.
803 3209 897 3281 [·-.--·
913 3209 995 3266 Cl.
1021 3210 1338 3265 vertidllata
1373 3211 1444 3265 Β.
1481 3209 1567 3265 Fr.
1604 3210 1738 3265 Nov.
1775 3209 1961 3264 Sched.
2001 3211 2119 3265 crit.
2147 3207 2275 3263 VIII
2305 3226 2358 3279 p.
2380 3209 2464 3272 21,

145 3294 203 3349 L.
235 3294 325 3350 Su.
365 3295 559 3367 2343]
596 3298 653 3350 et
686 3295 739 3351 b.
768 3297 1024 3365 plumosa
1056 3295 1213 3350 Univ.
1252 3299 1310 3351 et
1343 3295 1507 3367 Sym).
1577 3297 1699 3352 Vsr.
1728 3298 1985 3366 plumosa
2028 3298 2084 3367 (s
2118 3296 2240 3367 Nyl.
2275 3295 2343 3351 ad
2380 3296 2466 3350 de·

150 3384 397 3451 heuman,
432 3399 467 3437 a
500 3381 675 3439 Coem.
694 3383 764 3438 sd
780 3385 1042 3439 cariosam
1078 3383 1270 3455 relata)
1293 3400 1326 3438 s
1359 3382 1527 3440 forms.
1560 3385 1768 3457 vulgari
1802 3385 2035 3456 paullum
2059 3384 2238 3439 differt
2260 3382 2469 3455 phyllo-

147 3470 330 3524 eladiis
383 3471 692 3525 tenuissime
748 3469 1025 3524 fimbriatis
1077 3471 1286 3542 crispis,
1334 3472 1520 3526 subtus
1554 3473 2075 3544 albopulverulentis.
2145 3471 2208 3525 In
2244 3474 2466 3540 utraque

145 3557 312 3613 forma
347 3544 399 3614 K
434 3557 511 3612 nil
563 3557 695 3627 agit.
735 3587 797 3597 —
836 3557 898 3610 In
933 3556 1056 3627 Nyl.
1094 3557 1217 3628 Syn.
1256 3558 1366 3613 tab.
1402 3558 1476 3614 VI
1513 3559 1552 3614 f.
1592 3561 1659 3614 27
1713 3560 1822 3614 asei
1857 3560 2015 3615 nimis
2058 3558 2255 3623 infiati,
2311 3574 2464 3628 pars.-

146 3644 337 3716 physes
371 3643 533 3699 nimis
569 3641 810 3698 discreta
843 3642 1188 3700 delinesntur.
1342 3675 1343 3678 =

762 3820 955 3883 ⁸⁸01..
1002 3822 1381 3884 DELIOATA
1426 3821 1665 3897 (Ehrh.)
1709 3823 1839 3885 Flk.

312 3953 576 4022 Podetia
622 3953 868 4036 brevia,
913 3957 1170 4036 tenella,
1219 3958 1537 4039 simplicia
1581 3956 1787 4044 (apice
1840 3958 2149 4025 interdum
2193 3959 2464 4025 breviter

143 4059 405 4144 divisa),
466 4058 1221 4144 yranulato-fursuracea
1272 4081 1328 4124 v.
1372 4062 1609 4126 mium
1674 4062 2088 4144 squammosa
2102 4111 2118 4141 ‚
2195 4062 2460 4147 pallida;

143 4160 559 4249 phylloeladis
604 4161 871 4240 minuta,
898 4162 1198 4241 conferta,
1231 4163 1732 4230 eroso-laciniam
1747 4212 1763 4242 ‚
1795 4165 2072 4248 margine
2101 4165 2462 4231 tenuissime

145 4266 471 4351 granulata
536 4281 593 4330 v.
643 4263 995 4349 subleprose
1063 4266 1392 4345 dissoluta,
1461 4266 2072 4334 albido-viresoentia
2116 4288 2174 4335 v,
2224 4269 2460 4334 cinera-

146 4369 411 4445 seentia3
459 4365 783 4452 apotheoia
824 4366 1011 4452 vulgo
1056 4367 1511 4453 agglomerata,
1556 4370 1747 4435 fusca.

276 4487 417 4557 Syn.
490 4485 690 4541 Licloen
740 4483 1015 4558 delicatus=
1046 4487 1212 4543 Ehrb.
1260 4485 1444 4559 Crypt.
1484 4506 1590 4545 exs.
1628 4489 1813 4560 (1793)
1848 4504 1901 4542 ιι.
1941 4488 2072 4558 247,
2108 4488 2238 4543 Ach.
2275 4487 2460 4544 Prodr.

143 4589 193 4647 p.
228 4574 354 4630 199.
394 4603 460 4616 -
487 4574 788 4642 Boeomyces
821 4571 952 4627 Ach.
998 4573 1166 4630 neth.
1200 4591 1255 4650 p.
1301 4575 1430 4644 327,
1467 4575 1659 4648 Wnbg.
1695 4573 1843 4633 Suee.
1877 4592 1929 4651 Ρ.
1955 4575 2078 4632 889.
2102 4606 2165 4617 -
2185 4575 2466 4651 Gawmyce
