3177 5011
1296 282 1422 382 545

719 468 785 535 0.
879 470 1132 537 Formae
1174 472 1527 537 vizuscicolae
1571 477 1630 537 et
1673 472 1998 539 terricola».

377 623 434 687 λ.
480 640 921 693 musoorum
965 626 1227 711 (Wulf.)
1273 628 1387 694 Th.
1435 629 1568 694 Fu:
1618 633 1823 696 crusta
1867 650 2217 704 verrucosa,
2261 630 2518 708 albida,·

195 727 522 810 apothecis
566 729 853 812 primitus
898 730 1307 813 planiuscula‚
1355 732 1492 798 dein
1540 751 1832 814 convexa,
1877 734 2348 819 immarginata3
2401 733 2514 818 hy-

195 829 557 937 pothecium
604 830 860 917 (vulgo)
905 833 1267 900 coloratum.
1987 866 1990 869 ’

287 1002 290 1007 .
344 948 512 1031 δῖα.ν
554 950 751 1006 Lichen
784 968 1084 1008 muscorum
1121 954 1280 1008 Wulf.
1319 954 1374 1008 in
1410 956 1557 1026 Jacq.
1597 956 1726 1011 Coll.
1764 955 1839 1009 IV
1874 956 2061 1026 (1790)
2097 974 2147 1027 p.
2188 956 2308 1011 232.

345 1038 572 1093 Leo-idea
607 1039 844 1095 Lauren*
875 1042 920 1095 b.
955 1057 1254 1096 muscos-um
1289 1041 1448 1097 Korb.
1485 1042 1623 1113 Syst.
1661 1061 1713 1115 p.
1754 1044 1870 1100 246.

343 1123 571 1180 Lecidea
613 1125 881 1194 WuUem’i
913 1127 1070 1182 Kiirb.
1109 1128 1206 1198 Pg.
1246 1146 1294 1198 p.
1335 1129 1454 1182 216.

343 1210 571 1266 Lecidea
604 1206 965 1269 sabuletdrum
999 1221 1052 1285 β.
1087 1231 1389 1271 musam-um
1424 1216 1518 1269 Th.
1545 1215 1633 1269 Fr.
1660 1215 1804 1270 Aret.
1842 1234 1893 1287 p.
1932 1216 2050 1271 215.

341 1298 570 1354 Lem‘dea
595 1316 890 1369 parasema
922 1318 1039 1357 var.
1082 1302 1294 1372 latypea
1329 1302 1449 1373 Nyl.
1486 1300 1670 1370 Scand.
1708 1321 1757 1373 p.
1799 1304 1899 1356 217
1937 1304 2282 1373 (muscicola).

341 1386 566 1443 Lecidea
601 1389 930 1444 enteroleuca
965 1395 1015 1460 β.
1053 1405 1352 1445 muscos-am
1387 1388 1482 1443 Th.
1521 1388 1607 1442 Fr.
1645 1388 1839 1461 Spitsb.
1877 1408 1926 1461 p.
1965 1391 2049 1444 40.

369 1551 439 1609 μ.
489 1532 880 1612 aeruginea
922 1532 1141 1617 (Falk)
1185 1532 1300 1597 Th.
1347 1532 1480 1596 Fa:
1529 1531 1737 1597 crusta
1768 1529 2202 1609 crassiuscula‚
2234 1529 2507 1611 leproso-

188 1632 579 1712 mandata,
625 1637 986 1717 ceruqiuosa
1029 1637 1124 1702 vel
1169 1635 1412 1718 pallide
1469 1637 2135 1717 maginem-cinerem
2194 1632 2517 1716 apothecia

195 1757 416 1820 parva,
462 1738 750 1822 adpressa
795 1738 890 1804 vel
937 1739 1181 1817 innata,
1228 1740 1392 1814 atra3
1437 1738 1873 1823 hypothecium
1895 1737 2299 1823 fulvcscens;
2332 1756 2513 1819 para-

193 1842 420 1925 physes
464 1842 634 1924 apice
681 1842 1320 1928 olivaceo-fuligineae.

339 1959 475 2030 Syn.
546 1960 775 2015 Lecidea
809 1962 1137 2017 enteroleuca
1172 1961 1200 1993 *
1219 1962 1488 2031 meyinea
1521 1959 1655 2014 Falk
1692 1937 1838 2014 Blek.
1874 1959 2061 2029 (1874)
2099 1974 2146 2029 p.
2187 1958 2269 2012 16.

368 2065 591 2131 Planta
656 2066 719 2129 in
786 2067 1068 2131 omnibus
1123 2067 1474 2150 regionibus
1531 2065 1837 2149 vulgaris,
1895 2084 2040 2129 saxa
2082 2065 2355 2130 omnium
2403 2082 2511 2148 ge-

193 2188 444 2246 nerum,
511 2169 800 2247 cortices,
870 2169 1071 2252 ligna,
1140 2188 1382 2235 muscos
1449 2171 1563 2234 cet.
1625 2168 1897 2234 incolens
1955 2170 2211 2251 ideoque
2264 2169 2514 2233 externa

195 2271 350 2336 facie
397 2271 967 2355 characteribusque
1016 2273 1425 2356 maximopere
1473 2275 1735 2338 varians.
1826 2273 2049 2337 Forma
2091 2292 2151 2334 α.
2188 2290 2332 2337 saxa
2365 2289 2509 2354 gra-

193 2375 466 2440 nitoidea
522 2375 717 2449 amat,
778 2374 996 2440 saltem
1051 2377 1114 2439 in
1162 2374 1388 2441 Suesia
1433 2376 1496 2440 et
1546 2376 1870 2459 Norveqia
1913 2375 2143 2458 passim
2189 2374 2508 2458 frequenS,

193 2497 386 2562 usque
432 2477 493 2543 in
540 2477 820 2562 regiones
863 2479 1125 2544 maxime
1171 2479 1679 2564 septentrionales
1724 2478 2153 2564 progrediens,
2185 2477 2271 2544 ibi
2304 2479 2507 2545 tamen

193 2585 369 2647 notas
413 2582 941 2648 characteristicas
987 2583 1191 2648 minus
1219 2582 1456 2648 eximie
1504 2602 1771 2649 servans.
1824 2618 1901 2629 —-
1946 2582 2094 2648 Var.
2143 2587 2201 2667 β.
2251 2583 2362 2648 sub
2394 2601 2507 2646 nu-

193 2686 452 2751 merosis
504 2684 721 2750 formis
777 2687 855 2751 ad
911 2706 1056 2752 saxa
1110 2687 1239 2752 tam
1287 2686 1672 2771 granitoidea
1719 2685 2054 2770 (praecipue
2097 2685 2253 2753 locis
2302 2684 2505 2749 humi-

193 2787 389 2872 dulis)
433 2807 616 2872 quam
663 2791 939 2855 arenaria
983 2789 1373 2874 calcareaque
1418 2809 1527 2875 per
1571 2790 1773 2855 totum
1820 2789 2200 2855 territorium
2248 2789 2345 2854 est
2386 2788 2508 2853 fre-

194 2910 404 2976 quens.
495 2891 715 2957 Paullo
759 2892 1143 2968 recedentem
1187 2893 1251 2958 in
1295 2893 1594 2959 vertebris
1637 2892 2012 2958 balaenarum
2044 2891 2304 2957 vetustis
2334 2909 2509 2957 secus

191 2995 408 3061 littora
451 2995 818 3061 Finmarkiae
862 2995 1147 3080 legimus,
1197 3034 1274 3044 —
1323 2997 1416 3062 Ad
1472 3014 1620 3061 saxa
1675 2993 1949 3060 calcarea
1992 3015 2117 3061 var.
2168 3017 2221 3076 y.
2263 2996 2506 3080 parcius

196 3101 289 3162 est
343 3098 505 3164 visa:
557 3098 898 3183 Borgholm
956 3097 1127 3180 (Chr.
1187 3096 1648 3182 Stenhammar)
1695 3099 1757 3163 et
1798 3099 2066 3164 Alvaren
2110 3099 2229 3184 (M.
2278 3098 2504 3165 Flode-

195 3201 330 3285 rus)
374 3189 712 3279 Oelandiae,
757 3203 989 3269 Kumla
1033 3207 1096 3268 et
1140 3202 1230 3289 St.
1278 3202 1541 3268 Mellosa
1587 3201 1852 3267 Nericiae
1896 3202 2000 3287 (P.
2047 3201 2110 3266 J.
2158 3201 2501 3283 Hellbom).

199 3342 276 3353 —
321 3305 466 3371 Var.
513 3306 604 3385 6.,
650 3307 862 3372 habitu
906 3307 1084 3372 valde
1129 3307 1445 3381 recedens,
1495 3304 1572 3369 ad
1606 3324 1788 3387 rupes
1819 3305 2235 3388 granitoideas
2267 3304 2505 3372 Suecioe

195 3410 389 3474 rarius
420 3413 514 3475 est
543 3410 731 3475 lecta:
763 3409 1112 3474 Marstrand
1144 3408 1241 3493 (S.
1272 3408 1644 3493 Almqvist)‚
1673 3405 2045 3473 Kinnekulle
2081 3409 2177 3488 (F.
2215 3408 2503 3494 Graewe),

198 3513 494 3578 Hammar
549 3514 811 3579 Nericiae
865 3514 968 3598 (P.
1022 3512 1084 3579 J.
1143 3510 1485 3595 Hellbom).
1533 3549 1619 3560 —
1671 3512 1809 3575 Var.
1857 3532 1910 3576 ε.
1958 3512 2269 3595 cognitam
2314 3513 2501 3579 babe-

197 3636 330 3680 mus
376 3636 407 3680 e
452 3618 706 3700 rupibus
751 3615 1179 3700 granitoidei8‚
1225 3614 1529 3699 praecipue
1574 3613 1871 3679 lateribus
1914 3615 2242 3694 umbrosiS‚
2273 3615 2502 3681 rarius-

197 3738 310 3802 que
364 3719 658 3785 arenariis
711 3720 1123 3804 calcareisque
1179 3717 1464 3783 maximae
1519 3715 1817 3781 territorii
1876 3717 2071 3783 nostri
2128 3718 2342 3801 partis,
2432 3718 2505 3783 In

199 3824 418 3888 Dania
473 3823 679 3887 tamen
734 3842 875 3888 rara
930 3823 1204 3897 videtur,·
1266 3821 1602 3905 specimina
1645 3819 2126 3886 examinavimus
2170 3840 2204 3886 e
2250 3820 2504 3887 Ferslev

197 3924 521 4011 Jyllandiae
567 3923 656 4004 (J.
705 3926 781 3991 D.
827 3925 1116 4009 Branth).
1202 3925 1275 3990 ln
1314 3923 1564 4000 βαθείας
1607 3941 1750 3988 vero
1792 3924 2123 4006 provinciis
2154 3924 2335 3989 facile
2369 3942 2501 3988 om-

199 4027 400 4106 nibus,
457 4027 773 4112 Lapponia
830 4030 1111 4112 excepta,
1170 4028 1264 4092 est
1318 4027 1469 4093 visa.
1560 4027 1610 4090 E
1672 4025 1995 4109 Norveqia
2036 4030 2164 4093 tam
2209 4026 2500 4093 meridio-

198 4130 317 4196 nali
362 4130 560 4214 (circa
602 4129 1037 4198 Christianiam
1085 4130 1396 4214 frequens)
1443 4132 1506 4196 et
1550 4129 1754 4195 media
1796 4129 2232 4217 (Trondhjem)
2252 4180 2268 4210 ‚
2317 4151 2500 4216 quam

199 4237 454 4302 maxime
520 4234 983 4320 septentrionali
1049 4236 1402 4315 (Tromsoe,
1469 4233 1801 4317 Naesseby,
1869 4235 2271 4320 Kjollofjord)
2327 4234 2502 4301 nobis

200 4340 528 4508 admelter
573 4441 802 4507 formas
846 4440 1168 4506 corticolas
1217 4440 1264 4516 ζ·
1297 4437 1583 4504 achrista
1613 4437 1691 4504 ad
1722 4436 1979 4502 ⁰⁰r¹³i⁰⁰⁸
2012 4439 2299 4503 arborum
2330 4438 2497 4504 fron-

201 4544 506 4622 dosarum,
561 4544 866 4630 praecipue
921 4542 1170 4628 Populi,
1228 4563 1337 4628 per
1395 4541 1600 4607 totum
1652 4539 2038 4608 territorium
2081 4540 2370 4607 abundat.
2416 4578 2500 4592 -
