3177 5011
1320 334 1400 401 13

934 540 1023 641 A.
1126 539 1766 622 msoooARPL

337 697 744 782 Hymenium
775 697 1011 762 discum
1037 703 1325 781 apertum
1360 701 1422 764 et
1454 698 1594 782 plus
1619 700 1821 764 minus
1845 699 2182 765 dilatatum
2213 698 2518 777 formans,

128 819 214 864 ex
271 803 469 866 aseis
513 801 1083 886 paraphysibusque
1109 800 1560 866 eohaercntibus
1591 801 2116 885 congllutinatisve
2143 804 2515 867 contextum.

302 957 375 1010 1.
459 955 584 1021 Quae
620 957 716 1010 sub
750 957 849 1011 hoc
883 957 1092 1010 nomine
1124 952 1236 1022 jam
1272 954 1642 1025 amplectimur
1689 973 1909 1027 genera,
1957 954 2242 1010 secundum
2276 954 2517 1024 gonidio-

130 1059 270 1096 rum
320 1044 391 1097 in
435 1043 729 1114 apotheciis
764 1043 1097 1113 praesentiam
1135 1043 1465 1097 desectumve
1501 1045 1557 1097 in
1595 1044 1724 1097 duas
1750 1044 1913 1097 series
1939 1046 2096 1097 antea
2124 1040 2517 1107 distribuimus,

131 1129 412 1184 aliorum
466 1132 782 1200 scriptorum
834 1130 1152 1184 auctoritate
1206 1129 1349 1183 freti.
1425 1129 1549 1195 Quae
1595 1134 1722 1184 nota
1772 1131 2013 1199 quamvis
2059 1132 2305 1183 constans
2361 1131 2518 1199 vulgo

132 1215 457 1280 videatur,
494 1215 627 1269 adeo
660 1215 997 1270 vacillantem
1041 1216 1308 1270 interdum
1347 1217 1422 1286 (in
1460 1216 1646 1271 eadem
1682 1217 1882 1287 specie)
1914 1216 2235 1279 invenimus,
2273 1222 2335 1271 ut
2370 1234 2519 1273 vere-

131 1318 352 1366 amur,
406 1320 472 1356 ne
517 1301 599 1355 illi
647 1303 865 1355 nimiam
911 1302 1320 1358 adtribuerimus
1365 1304 1498 1366 vim,
1546 1321 1708 1373 quum
1759 1304 1814 1357 in
1861 1302 2208 1358 divisionibus
2254 1305 2519 1359 inferioris

136 1389 387 1443 ordinis
426 1388 776 1459 proponendis
812 1389 959 1442 illam
1002 1391 1399 1459 respexerimus.
1475 1390 1884 1445 Observationes
1928 1394 2160 1454 nostras,
2211 1392 2353 1445 infra
2386 1392 2519 1446 alla-

139 1477 277 1539 m,
328 1475 401 1530 de
440 1475 739 1543 Caloplaca
767 1476 1114 1544 serruqinea,
1150 1476 1427 1531 Rinodina
1465 1477 1751 1545 Bt‘eehoffii
1782 1476 2076 1545 ceterisque
2113 1477 2366 1531 conferas.

321 1581 376 1633 2.
452 1579 498 1632 A
549 1579 738 1633 ceteris
792 1578 1219 1633 Archilichenum
1274 1580 1531 1644 seriebus,
1591 1580 1936 1650 Coniocarpaeze
1988 1583 2045 1635 et
2097 1583 2515 1652 Pyrenomrptls,

144 1666 287 1720 sine
329 1666 447 1719 ulla
484 1664 799 1720 difficultate
837 1665 1236 1734 distinguuntur
1260 1660 1599 1737 Dzlsoocavpi.
1674 1666 1851 1720 Etiam
1879 1667 1949 1729 si,
1984 1669 2046 1721 ut
2071 1684 2188 1721 raro
2213 1668 2304 1736 fit,
2340 1668 2516 1722 discus

147 1753 510 1823 conspicitur
545 1753 653 1806 fere
690 1753 1083 1822 punctiformis,
1120 1752 1178 1807 in
1214 1753 1383 1807 thallo
1419 1754 1695 1807 immersus
1733 1752 1953 1822 ideoque
1989 1755 2396 1823 Pyrenae-amos
2419 1756 2516 1810 ha-

147 1836 292 1891 bitu
332 1838 627 1898 mentiens,
665 1842 911 1893 accurata
946 1839 1175 1908 analysis
1209 1856 1385 1893 veram
1422 1856 1541 1893 mox
1586 1839 1915 1894 demonstrat
1957 1844 2219 1894 naturam.
2294 1841 2516 1912 Epithe-

152 1924 318 1977 cimn
359 1925 473 1979 sive
510 1926 688 1995 apices
720 1926 1073 1996 paraphysum
1111 1926 1352 1979 coloratae
1388 1927 1445 1979 in
1480 1926 1636 1980 rebus
1673 1925 1849 1980 dubiis
1874 1928 2132 1981 lichenem
2158 1928 2516 2000 discocarpum

157 2011 337 2066 facile
395 2012 652 2083 produnt;
709 2012 971 2067 uonnullae
1025 2016 1234 2065 tantum
1289 2011 1731 2067 Perta-mmmm
1785 2014 1987 2083 species
2038 2030 2072 2067 a
2122 2014 2519 2084 &mecam-:e

157 2098 340 2150 certis
377 2097 773 2153 characteribus
809 2098 905 2152 vir
932 2102 1153 2170 possunt
1189 2097 1448 2168 distingui
1485 2101 1874 2169 transitumque
1911 2100 1966 2153 in
2002 2099 2153 2154 illam
2189 2102 2377 2156 seriem
2403 2103 2515 2157 evi-

159 2182 396 2239 dentem
431 2184 687 2255 praebent.

922 2379 1108 2452 Fam.
1163 2377 1218 2451 I.
1325 2374 1782 2451 USNEACEI.

352 2547 616 2613 Thallus
645 2549 1117 2632 srutv'culosus‚
1171 2550 1410 2612 erectus
1440 2548 1538 2612 vel
1572 2546 1905 2630 pendulus,
1943 2547 2379 2614 teretiusculus
2413 2550 2510 2615 vel

169 2651 895 2735 foliaceo-compressus,
951 2652 1227 2734 undique
1278 2652 1648 2727 corticata-9,
1702 2650 2014 2715 substrato
2071 2651 2300 2732 hyphis
2345 2650 2509 2735 (me-

170 2753 561 2836 dullaribus)
614 2775 741 2818 uno
781 2759 1020 2835 puncto
1077 2754 1352 2837 adfixus,
1442 2751 1928 2835 Apotheciorum
1972 2753 2176 2818 discus
2221 2753 2509 2837 explana-

168 2859 299 2934 tus,
347 2856 633 2939 excipulo
677 2855 972 2933 thallodi,
1012 2856 1280 2938 ,qom'dia
1302 2856 1583 2939 joventi,
1630 2855 1978 2940 impositus,

316 2973 435 3039 Quo
469 2974 627 3029 modo
662 2972 930 3027 substrato
965 2974 1152 3028 affixus
1199 2975 1272 3028 sit
1314 2974 1541 3036 thallus,
1587 2973 1750 3043 vulgo
1794 2973 1949 3029 facile
1993 2973 2340 3043 conspicitur,
2387 2975 2509 3027 tau-

171 3061 453 3115 tummodo
488 3063 782 3131 specierum
817 3062 1184 3115 nonnullarum
1221 3078 1380 3132 supra
1413 3065 1613 3116 terram
1649 3061 1921 3131 cuspitose
1957 3061 2254 3132 vigentium
2278 3059 2510 3127 (Alecto-

169 3150 270 3201 τίω
303 3148 655 3216 ochi-aleuas,
690 3149 1035 3217 myricarum,
1070 3148 1412 3219 diveryenazs)
1445 3166 1568 3219 pars
1602 3147 1762 3202 thalli
1798 3147 2012 3202 inferior
2047 3163 2166 3201 mox
2190 3146 2506 3209 destruitur,

171 3250 336 3303 quare
374 3234 556 3288 liberte
608 3237 866 3289 creseunt.
940 3234 1117 3288 Etiam
1171 3237 1268 3290 has
1303 3236 1507 3306 species
1556 3235 1806 3305 primitus
1852 3234 1982 3305 ”per
2024 3231 2349 3304 gomphuffl
2393 3247 2509 3285 esse

172 3321 387 3384 affixas,
426 3319 653 3375 suadent
683 3320 943 3389 juvenilia
978 3321 1290 3392 specimina,
1327 3322 1622 3394 praesertim
1656 3321 1705 3376 si
1737 3337 1896 3392 supra
1919 3320 2146 3375 ramulos
2169 3336 2217 3375 e.
2243 3336 2287 3372 s.
2313 3336 2365 3389 p.
2394 3333 2506 3372 cre-

169 3409 378 3462 scentia
412 3407 775 3463 inveniuntur.

879 3583 936 3646 1.
1026 3577 1305 3645 USNEA
1369 3578 1591 3664 (mn.)
1657 3576 1810 3642 Ach.

344 3717 608 3783 Thallus
653 3718 1085 3795 fruticulosus,
1130 3716 1599 3795 teretiusculus,
1642 3716 1911 3800 undique
1957 3713 2285 3790 similaris3
2332 3717 2502 3777 stra-

171 3826 305 3886 tum
358 3821 711 3887 medullam
768 3824 927 3886 axin
979 3819 1317 3885 centralem
1369 3817 1852 3885 chonam-ideam
1912 3819 2296 3884 constituens
2351 3820 2408 3879 et
2461 3835 2502 3879 a

172 3930 378 3988 strato
445 3925 735 3989 corticali
780 3923 988 4007 facile
1056 3922 1381 3998 secedens;
1448 3922 1771 4006 apothecia
1834 3920 2235 3994 orbicularia;
2304 3936 2500 4001 sporae

174 4046 410 4110 parvae,
458 4028 726 4103 octonae,
773 4025 1126 4107 simplicem,
1172 4022 1872 4106 ellipsoideo-globosae,
1919 4022 2294 4089 incoloratae.

252 4128 257 4131 0
311 4143 454 4214 Syn.
535 4142 713 4199 Umea
760 4144 889 4198 Dill.
939 4142 1081 4197 Hist.
1125 4140 1293 4195 Musc.
1341 4141 1525 4210 (1741)
1570 4158 1625 4211 p.
1662 4141 1730 4194 56
1775 4157 1854 4210 pr.
1899 4158 1981 4211 p.,
2035 4139 2185 4194 Pers.
2233 4140 2289 4192 in
2322 4136 2501 4192 Uster.

176 4229 307 4283 Ann.
348 4229 490 4286 1794
526 4247 580 4300 p.
621 4231 713 4292 21,
753 4230 884 4285 Aah.
924 4229 1092 4285 Meth.
1131 4227 1319 4297 (1803)
1354 4244 1407 4297 p.
1448 4226 1576 4290 306,
1618 4228 1800 4281 Auctt.
1839 4226 2047 4298 plurim.

308 4333 546 4403 Μαι-ΙΝ.
621 4333 849 4387 Thallus
884 4331 1246 4394 fruticulosus,
1286 4333 1491 4388 erectus
1524 4330 1610 4384 vel
1647 4329 1928 4400 pendulus,
1967 4333 2107 4384 teres
2143 4327 2225 4381 vel
2262 4325 2503 4380 nonnihil

181 4436 502 4490 compressus
557 4420 931 4490 angulosusve‚
986 4417 1055 4472 ad
1106 4418 1258 4472 basin
1303 4417 1513 4471 fibrillis
1555 4416 1931 4470 medullaribus
1976 4415 2244 4470 substrato
2297 4413 2501 4466 affixus.

182 4506 423 4562 Stratunr
449 4504 739 4561 medullare
776 4522 805 4561 e
841 4505 1041 4562 duobus
1077 4504 1263 4559 stratis
1299 4506 1629 4559 contextum:
1667 4504 1724 4578 1)
1760 4505 2007 4560 meet-abre
2041 4502 2189 4557 filum
2214 4503 2370 4555 tenax
2393 4498 2501 4554 for·
