3177 5011
1741 292 1872 359 470

652 442 1137 529 immarqinata,
1202 446 1396 529 niqra
1451 447 1549 513 vel
1583 448 1975 532 fusconiyra
1990 495 2007 526 ,
2073 449 2237 516 nuda
2295 452 2393 517 vel
2445 452 2715 519 tenuiter
2756 454 2975 520 caesio-

653 549 973 632 pruinosa;
1021 549 1457 637 hypothecium
1502 551 1694 617 diluto
1741 552 2112 618 fuscidulum
2158 555 2259 620 vel
2302 556 2441 640 plus
2485 557 2687 622 minus
2723 559 2976 625 sordido

654 652 1075 732 obscuratum3
1121 654 1496 738 paraphyses
1540 661 1714 721 arcte
1755 655 2162 732 cohaerentem
2210 676 2406 741 sporae
2450 662 2724 726 minutae.

796 776 934 842 Syn.
1004 773 1232 828 Lecidea
1267 776 1546 844 turqidula
1581 775 1667 829 Fr.
1705 775 1888 831 Sched.
1927 778 2044 831 crit.
2084 776 2110 829 I
2145 776 2331 848 (1824)
2368 796 2415 848 p.
2459 779 2551 843 10,
2588 779 2651 833 L.
2690 779 2749 834 Ε.
2787 797 2836 850 p.
2868 781 2973 834 337

653 857 732 927 (in
768 858 998 926 notula),
1042 860 1203 916 Korb.
1253 860 1388 931 Syst.
1425 879 1475 932 p.
1515 862 1646 927 243,
1702 863 1823 933 Nyl.
1870 864 2033 935 Lapp.
2072 880 2144 918 or.
2181 882 2231 935 p.
2270 866 2373 919 146
2410 870 2482 936 (p.
2509 868 2596 936 p.).
2636 896 2703 908 -—
2740 867 2976 923 Biatora

654 944 774 1015 Nyl.
811 945 930 1001 Βοὴ.
972 945 1096 1002 Not.
1137 948 1272 1003 1853
1309 968 1358 1020 p.
1396 949 1501 1002 183
1536 956 1609 1020 (p.
1637 954 1726 1020 p.).

792 1031 1021 1086 Lecidea
1059 1036 1449 1091 asses-culorum
1483 1043 1537 1108 β.
1566 1036 1905 1107 pithyophila
1940 1035 2121 1093 Smrft.
2158 1037 2338 1109 Suppl.
2375 1055 2427 1109 p.
2466 1037 2587 1092 154.

790 1118 1020 1174 Lecidea
1045 1123 1382 1193 pitlvyophila
1418 1122 1600 1177 Smrft.
1636 1126 1690 1179 in
1727 1124 1864 1193 Mag.
1904 1123 1939 1176 f.
1979 1123 2254 1179 Naturvid.
2290 1125 2368 1179 IX
2404 1144 2452 1196 p.
2494 1126 2608 1180 165.

793 1207 1037 1262 Biatorae
1073 1210 1307 1263 vernalis
1333 1210 1523 1279 sonna
1557 1209 1682 1279 Nyl.
1720 1209 1879 1264 Flora
1913 1209 2051 1263 1855
2087 1228 2139 1281 p.
2178 1210 2296 1265 295.

792 1293 1021 1347 Lecidea
1054 1298 1292 1352 vernalis
1324 1314 1439 1353 var.
1476 1296 1754 1365 tur-quauta
1791 1295 1911 1366 Nyl.
1949 1296 2074 1352 Not.
2110 1295 2296 1351 Sallsk.
2336 1316 2388 1369 p.
2426 1298 2485 1353 F.
2524 1302 2580 1355 et
2613 1298 2693 1354 ΕΙ.
2722 1299 2784 1354 Ε.
2807 1298 2975 1354 Foth.

652 1378 728 1433 IV
763 1396 813 1449 p.
853 1381 992 1448 237,
1031 1381 1187 1438 Herb.
1225 1384 1361 1438 Mus·
1401 1384 1562 1439 Fenn.
1600 1402 1651 1453 p.
1690 1383 1773 1436 88.

793 1466 1020 1521 Lecaedea
1055 1470 1332 1541 (vernalis)
1369 1471 1696 1540 ‘turyidula
1731 1469 1851 1540 Nyl.
1889 1468 2071 1525 Scand.
2110 1486 2159 1539 p.
2199 1469 2300 1522 201
2338 1471 2413 1540 (p.
2441 1486 2489 1540 p.
2479 1472 2531 1540 .).

792 1553 930 1612 Exs.
1004 1553 1063 1611 L.
1101 1555 1184 1611 Su.
1224 1559 1307 1612 25.
1349 1589 1410 1598 -
1450 1557 1633 1613 Stenh.
1672 1558 1790 1611 215.

828 1660 926 1726 Ad
981 1662 1271 1737 musices,
1335 1663 1642 1747 praecipue
1698 1663 1837 1729 Pini
1889 1662 2283 1745 Abietisque,
2341 1663 2522 1743 atque
2572 1660 2744 1747 ligna
2786 1664 2971 1728 nuda.

654 1763 704 1827 Ε
751 1764 951 1829 Dania
995 1784 1116 1830 non
1161 1764 1496 1844 indicatur,
1556 1767 1661 1832 sed
1729 1768 1791 1832 in
1846 1766 2066 1831 ceteris
2121 1765 2305 1830 terris
2362 1764 2534 1847 viget
2579 1765 2642 1829 in
2688 1767 2972 1833 omnibus

654 1866 781 1931 fere
833 1867 1206 1950 regionibus,
1297 1869 1459 1934 Loca
1517 1869 1810 1954 specialia
1857 1871 2067 1934 notare
2112 1887 2303 1933 vanus
2347 1868 2539 1951 igitur
2585 1869 2760 1934 nobis
2803 1871 2975 1935 visus

653 1969 847 2035 labor.
937 1969 1144 2054 Usque
1188 1971 1250 2036 in
1294 1977 1500 2056 partes
1545 1974 1957 2059 hyperboreas
2000 1971 2415 2057 progreditur.

790 2089 1083 2160 Apothecia
1116 2094 1303 2155 0,2—5
1344 2112 1466 2149 mm.
1505 2095 1631 2148 lata.
1703 2091 2010 2161 Excipulum
2047 2089 2164 2161 plus
2193 2091 2360 2143 minus
2386 2088 2592 2144 sordide
2619 2089 2969 2146 obscuratum.

650 2177 979 2247 Paraphyses
1033 2174 1352 2249 subhyalinae
1405 2182 1655 2251 apiceque
1711 2177 2072 2246 subfuligineae
2127 2176 2211 2230 vel
2256 2179 2383 2231 totae
2426 2176 2697 2231 fuscidulae
2732 2178 2816 2233 vel
2851 2179 2972 2249 plus

650 2264 824 2318 minus
886 2265 1090 2319 intense
1150 2266 1555 2323 caernlescentes.
1646 2264 1771 2319 Asci
1826 2263 2036 2327 breveS,
2099 2263 2311 2317 clavati.
2395 2263 2567 2333 Sporae
2622 2264 2967 2334 ellipsoideae,

649 2351 1220 2423 ellipsoideo-oblongae
1274 2370 1319 2407 v.
1377 2353 1637 2423 oblongae,
1696 2353 1991 2415 Quos—12
2048 2367 2169 2404 mm.
2224 2351 2391 2420 longae
2444 2354 2501 2404 et
2544 2351 2804 2411 0‚003—5
2844 2367 2970 2405 mm.

650 2455 850 2492 crassae.
923 2438 1058 2494 Jodo
1095 2441 1299 2495 intense
1338 2441 1656 2509 caerulescit,
1707 2439 1830 2494 dein
1877 2436 2204 2491 sordidescit.
2278 2436 2397 2508 No,
2436 2438 2612 2507 partes
2649 2426 2971 2493 obscuriores

652 2526 823 2581 laetius
859 2526 1182 2582 sordidiusve
1220 2526 1528 2581 olivascunt.
1602 2527 1897 2598 Spermatia
1931 2525 2010 2583 L..
2036 2523 2318 2578 Cadmbroe'ae
2353 2523 2566 2578 similia.

790 2616 904 2670 obs.
935 2616 991 2670 ’1.
1063 2615 1279 2683 PlureS,
1325 2616 1371 2669 si
1419 2615 1620 2685 placet,
1675 2613 1931 2683 distingui
1978 2614 2196 2682 possunt
2231 2611 2436 2675 formae,
2476 2612 2615 2666 inter
2652 2630 2707 2667 se
2744 2613 2969 2668 invicem

650 2701 843 2755 sensim
881 2701 1184 2770 conjunctoe.
1258 2701 1351 2755 Hae
1388 2705 1511 2755 sunt
1546 2702 1833 2771 primariae:
1877 2711 1929 2763 a)
1966 2700 2143 2770 typica
2178 2702 2355 2752 crusta
2389 2698 2724 2762 tenuissima,
2776 2718 2971 2770 granu·

650 2785 763 2841 losa
815 2804 864 2840 V.
920 2786 1174 2853 obsoleta;
1228 2788 1521 2859 apotheciis
1581 2789 1840 2858 pruinosis
1896 2804 1941 2840 v.
1987 2785 2166 2849 nudiS,
2227 2786 2372 2839 intus
2426 2786 2679 2854 (sordide)
2726 2787 2968 2857 pallidis3

649 2875 708 2937 b)
740 2874 1073 2943 pithyophaa
1110 2874 1199 2940 (L.
1238 2875 1518 2944 turqidula
1552 2881 1604 2946 β.
1643 2875 1919 2928 denudata
1965 2874 2063 2927 Th.
2100 2872 2187 2926 Fr.
2226 2873 2367 2926 Aret.
2409 2890 2459 2942 p.
2502 2874 2630 2936 217,
2670 2877 2971 2945 synonymis

650 2961 830 3015 Smrft.
892 2977 1046 3030 supra
1095 2961 1275 3015 allatis
1322 2962 1578 3032 praecipue
1627 2965 1889 3031 respecta,
1931 2959 2111 3013 Smrft.
2150 2976 2254 3014 εις.
2295 2960 2388 3024 45)
2425 2960 2587 3029 priori
2624 2962 2837 3030 similis,
2876 2963 2969 3018 sed

648 3049 942 3120 apotheciis
988 3047 1166 3112 nudis,
1214 3050 1357 3102 intus
1407 3048 1885 3112 caerulescentibus3
1942 3051 1995 3113 c)
2031 3046 2356 3114 pulveracea
2401 3046 2497 3100 Th.
2537 3047 2622 3101 Fr.
2661 3049 2750 3114 (L.
2786 3065 2969 3104 sarco-

640 3137 858 3207 psoides
909 3135 1029 3204 Nyl.
1087 3135 1210 3190 Not.
1267 3134 1450 3189 Sallsk.
1496 3152 1547 3205 p.
1594 3132 1654 3187 F.
1701 3136 1756 3187 et
1798 3133 1877 3186 ΕΙ.
1923 3132 1981 3186 F.
2021 3133 2177 3186 Foth.
2217 3133 2349 3187 XIII
2386 3152 2434 3203 p.
2472 3135 2602 3196 335,
2642 3153 2744 3190 non
2781 3136 2970 3206 Mass.)

648 3225 826 3278 crusta.
872 3223 1149 3291 crassiore,
1197 3239 1224 3276 e
1272 3221 1504 3292 granulis
1542 3221 1911 3275 minutissimis
1948 3221 2211 3291 congestis
2246 3224 2502 3276 contexta.
2578 3222 2759 3277 Prima
2793 3225 2846 3277 in
2884 3240 2966 3278 re-

648 3310 891 3382 gionibus
945 3308 1373 3373 australioribus‚
1432 3308 1607 3363 media
1658 3309 1714 3362 in
1765 3307 2059 3362 borealibus
2106 3309 2368 3379 praecipue
2416 3309 2708 3379 invenitur,
2746 3314 2967 3380 utraque

648 3399 916 3466 frequens;
965 3395 1155 3450 ultima
1191 3413 1233 3449 S.
1272 3396 1435 3450 tertia
1472 3396 1554 3448 est
1591 3396 1776 3449 rarior:
1825 3394 2148 3449 Nordlandia
2182 3396 2237 3448 in
2274 3395 2507 3450 convalle
2543 3397 2862 3453 Maalselven
2898 3399 2969 3453 ad

648 3484 1072 3554 Elvskiftningen
1109 3483 1178 3552 (J.
1218 3482 1287 3536 M.
1327 3481 1614 3551 Norman),
1653 3480 1925 3552 Lapponia
1960 3481 2212 3536 Tomensi
2248 3482 2585 3548 (Enontekisz
2629 3484 2678 3538 J.
2717 3484 2776 3538 P.
2800 3484 2966 3538 Nort-

649 3572 751 3639 lin)
790 3575 845 3626 et
880 3570 1093 3624 Lulensi
1144 3569 1355 3635 (Aktse:
1407 3568 1468 3622 P.
1506 3568 1555 3623 J.
1592 3568 1888 3633 Hellbom),
1937 3567 2242 3623 Hernosand
2288 3569 2358 3628 (S.
2396 3570 2698 3638 Almqvist).
2755 3600 2819 3609 —
2866 3569 2967 3624 His

551 3677 556 3682 ·
650 3659 772 3712 addi
809 3661 1012 3729 protest
1049 3657 1080 3710 f.
1121 3671 1400 3724 erumpens
1435 3655 1575 3724 (Nyl.
1616 3655 1738 3710 Not.
1777 3654 1959 3709 Ssllsk.
1997 3673 2046 3725 p.
2084 3655 2142 3708 F.
2182 3660 2236 3710 et
2271 3656 2351 3710 ΕΙ.
2384 3656 2442 3709 Ε.
2470 3654 2627 3708 Foth.
2655 3655 2731 3709 lv
2753 3674 2802 3726 p.
2832 3657 2963 3721 232,

648 3745 828 3799 Scand.
878 3763 927 3814 p.
977 3745 1105 3810 202)
1147 3741 1426 3811 juvenilis,
1475 3741 1745 3812 lignicola,
1809 3740 1874 3795 ab
1929 3745 1985 3806 a)
2024 3743 2269 3798 recedens
2322 3745 2499 3797 crusta
2536 3742 2794 3806 obsoleta,
2837 3761 2965 3814 apo·

645 3833 837 3888 theciis
873 3832 1012 3885 inter
1047 3829 1204 3883 fibras
1240 3829 1444 3898 ligneas
1486 3827 1957 3898 prorumpentibus.

784 3920 896 3973 obs.
933 3918 984 3972 2.
1057 3916 1222 3980 Quam
1273 3915 1448 3985 exigui
1493 3916 1747 3970 momenti
1795 3917 1868 3968 sit
1903 3918 2028 3968 nota
2064 3930 2091 3968 e
2132 3914 2300 3969 colore
2336 3916 2688 3986 pai-aphysum
2725 3919 2963 3986 sumpta,

643 4006 753 4059 hoec
807 4003 1004 4074 species
1060 4003 1258 4072 optime
1311 4001 1652 4057 demonstrat.
1722 4002 1802 4057 Ne
1856 4006 1917 4056 ut
1961 4002 2187 4055 varietas
2234 4003 2444 4071 quidem
2485 4003 2742 4073 distingui
2786 4006 2967 4072 potest

644 4094 811 4148 forma
847 4092 904 4158 b)
944 4107 1107 4160 nuper
1141 4088 1327 4152 allata,
1369 4106 1488 4143 nam
1525 4090 1578 4143 in
1617 4088 1799 4144 eodem
1836 4088 2119 4159 specimine
2156 4089 2432 4157 apothecia
2468 4090 2674 4168 diverso
2700 4089 2854 4143 modo
2880 4090 2962 4144 in·

644 4182 730 4233 tus
767 4179 996 4233 colorata
1032 4175 1171 4230 haud
1211 4193 1324 4230 raro
1359 4176 1720 4240 inveniuntur;
1777 4176 1901 4245 quin
1948 4175 2108 4229 etiam
2154 4177 2208 4229 in
2246 4175 2427 4229 eodeni
2469 4175 2745 4245 apothecio
2782 4175 2961 4228 obser-

645 4282 765 4320 vare
819 4264 946 4318 licet
999 4266 1177 4334 partes
1223 4262 1613 4317 coeruleseentes
1663 4263 1746 4317 vel
1787 4260 2069 4316 fuseidulae.
2144 4260 2255 4326 Quo
2293 4263 2591 4342 obscuriore}
2629 4263 2962 4331 (epruinosa)

645 4355 768 4406 sunt
812 4351 1115 4422 apothecis,
1168 4365 1228 4402 co
1272 4349 1532 4403 intensius
1578 4351 1719 4404 intus
1756 4348 2155 4402 caerulescentia.
2231 4348 2332 4414 Qui
2369 4348 2511 4403 color
2546 4349 2596 4402 Κ
2632 4349 2687 4402 in
2725 4364 2962 4418 smarag-

648 4437 826 4492 dulurn
864 4438 1216 4491 olivaceumve
1253 4437 1515 4499 mutatur,
1560 4437 1679 4507 NO⁵
1717 4451 1896 4490 roseus
1938 4436 2134 4490 evadit.
2209 4436 2386 4491 Etiam
2423 4438 2476 4490 in
2513 4435 2633 4492 aliis
2669 4436 2963 4507 apotheciis

643 4526 820 4599 partes
856 4523 1175 4578 obscuriores
1209 4519 1494 4576 sordidaeve
1535 4510 1585 4575 K
1621 4524 1926 4578 olivascunt.
