3177 5011
1799 350 1844 401 11

846 485 1026 570 Quod
1054 488 1454 570 propositum
1494 492 1565 554 ut
1606 509 2119 575 consequeremur
2133 538 2148 567 ‚
2197 487 2463 556 lichenes
2504 511 2632 558 non
2663 490 2864 559 solum
2897 491 2975 558 in

659 590 1112 657 diversissimis
1193 589 1635 657 Scandinavioe
1691 595 1990 675 partibus
2054 594 2383 676 diliyenter
2447 598 2934 680 conquisivimus
2952 645 2972 673 ‚

660 694 774 760 sed
813 696 1001 759 etiam
1041 694 1315 778 undique
1362 695 1652 778 colliqere
1693 701 1901 762 conati
1942 718 2183 763 sumus.
2248 697 2510 763 Summa
2550 698 2976 764 benevolentia

658 797 874 861 studia
915 802 1139 861 nostra
1178 797 1583 862 sublevarunt
1625 800 1809 864 multi
1831 801 2165 884 fautores,
2213 804 2432 879 amici,
2465 802 2766 884 discipuli
2776 821 2798 879 ,·
2827 803 2972 885 qui-

660 901 776 966 bus
837 901 1122 965 omnibus
1175 921 1251 966 cx
1308 903 1525 967 intimo
1564 907 1816 982 pectore
1868 906 2122 984 yratias
2173 898 2283 969 lioc
2342 904 2469 969 loco
2526 903 2708 969 liceat
2761 925 2972 986 aqere.

664 1003 982 1068 Praeterea
1025 1024 1263 1081 omnes,
1310 1023 1477 1087 quoe,
1524 1009 1828 1087 quantum
1855 1007 2122 1081 scimuS,
2158 1011 2437 1084 exstant,
2470 1008 2744 1089 majores
2780 1006 2970 1071 liche-

658 1127 811 1172 num
879 1104 1477 1173 Scandinavicorum
1539 1106 1924 1173 collectiones
1961 1108 2417 1190 pervolvimus,
2483 1110 2738 1193 ideoque
2789 1129 2970 1174 nemo

655 1214 815 1273 certe
866 1208 1280 1291 lichenoloqus
1332 1210 1638 1293 majorem
1690 1211 1844 1276 vidit
1890 1211 2196 1278 lichenum
2239 1218 2605 1277 nostrarum
2650 1218 2974 1277 terrarum

656 1315 918 1395 copiam.
1013 1311 1415 1377 Paucissima
1459 1313 1520 1376 si
1561 1316 1873 1396 excipias,
1919 1317 2262 1397 specimina
2292 1315 2638 1398 o=ri9inalia
2667 1317 2968 1390 omnium,

658 1436 798 1499 qua>
843 1421 1161 1499 tamquam
1205 1435 1377 1480 novae
1421 1414 1594 1497 apud
1631 1438 1748 1483 nos
1779 1424 1927 1484 sunt
1943 1421 2322 1500 proposita,
2354 1421 2699 1502 specierum
2710 1417 2972 1501 sorma-

657 1540 919 1602 rumque
960 1519 1252 1583 vidimus.
1312 1517 1701 1584 Herbarium
1729 1519 2165 1586 Acharianum
2197 1525 2422 1587 iterum
2454 1524 2798 1604 iterumque
2819 1542 2975 1603 per-

658 1621 1108 1698 lustravimus;
1162 1641 1301 1704 quce
1352 1621 1427 1686 de
1477 1621 1595 1686 hac
1636 1622 1984 1688 collectione
2026 1644 2245 1690 sumus
2290 1625 2586 1700 allaturi,
2633 1628 2781 1689 sunt
2827 1622 2967 1687 sal-

656 1729 774 1790 tem
817 1725 1139 1809 uberiora,
1184 1745 1372 1807 quam
1417 1744 1556 1809 quoe
1601 1731 2019 1807 exposuerunt
2063 1727 2184 1791 alii
2225 1730 2581 1809 scriptores.

835 1862 1085 1929 Novum
1134 1867 1410 1946 systema
1450 1882 1566 1928 nos
1613 1866 1682 1928 in
1723 1863 1835 1929 hoc
1878 1865 2173 1945 opusculo
2204 1867 2604 1948 periclitatos
2648 1883 2783 1929 esse
2801 1911 2816 1942 ,
2859 1863 2976 1926 vix
3129 1948 3130 1951 Ἴ

655 1987 1024 2050 quemquam
1048 1966 1317 2049 fuqerit.
1408 1963 1720 2032 Plurimis
1744 1966 1993 2051 forsan
2035 1967 2320 2032 videatur
2364 1968 2668 2032 absonum
2710 1970 2766 2031 et
2808 1968 2973 2030 vete·
3127 1996 3130 2055 ⁴

654 2090 760 2133 res
825 2071 1149 2151 opiniones
1223 2069 1414 2132 nimis
1476 2073 1760 2134 evertere.
1868 2068 1959 2135 At
2023 2075 2231 2135 tamen
2281 2074 2374 2134 est
2408 2068 2779 2153 fatendum,
2849 2087 2974 2133 nos
3129 2060 3130 2109 1

654 2172 843 2235 etiam
893 2171 1123 2252 plures
1201 2171 1574 2252 disciplinas
1650 2173 1949 2256 antiquas
2031 2191 2168 2238 esse
2241 2172 2605 2237 evertendos
2681 2172 2972 2248 credere,·

651 2294 752 2341 ne*
778 2275 970 2339 nimis
1023 2274 1349 2340 videamur
1395 2273 1650 2339 violenti
1702 2296 1916 2340 rerum
1973 2296 2280 2342 novarum
2343 2275 2689 2352 molitores,
2758 2275 2973 2339 satius

656 2377 953 2442 duximus
996 2383 1201 2441 cetera
1241 2379 1310 2442 in
1339 2382 1669 2458 posterum
1711 2377 1985 2459 differre.

824 2493 909 2562 In
944 2496 1280 2580 yeneribus
1307 2497 1740 2579 proponendis
1781 2499 1990 2564 media
2030 2501 2195 2564 inter
2226 2502 2504 2564 eaetrema
2530 2497 2834 2581 proyredi
2861 2497 2976 2561 via

654 2602 862 2664 conati
904 2620 1143 2664 sumus.
1229 2597 1295 2664 A
1338 2602 1598 2681 scriptis
1640 2603 1879 2665 nostris
1926 2602 2390 2685 antiquioribus
2441 2602 2752 2666 interdum
2794 2600 2976 2664 haud

593 2783 607 2797 ὁ
644 2702 945 2785 paullum
1007 2704 1401 2767 recessimus.
1512 2702 1732 2787 Neque
1799 2704 2072 2767 mirum!
2133 2705 2288 2769 Nisi
2351 2705 2565 2769 studia
2615 2704 2973 2785 pleniorem

644 2810 989 2887 procreant
1033 2807 1438 2887 coynitionem
1454 2854 1469 2883 ‚
1523 2807 1758 2870 studiis
1801 2806 2200 2871 desistamus.
2247 2845 2326 2854 —
2381 2807 2560 2889 Quod
2602 2807 2688 2871 ad
2729 2808 2970 2887 species
3042 2854 3046 2857 .

654 2910 903 2984 attinet,
947 2907 1110 2972 hanc
1154 2908 1582 2990 amplectimur
1636 2908 1954 2990 reyulam:
1996 2930 2383 2993 unaquaque
2408 2910 2638 2993 forma
2679 2915 2773 2975 est
2800 2930 2965 2992 pro-

639 3011 803 3092 pria
854 3012 1090 3091 species
1140 3010 1450 3091 habenda,
1504 3014 1568 3077 si
1620 3013 1705 3094 (ct
1747 3012 2077 3094 quamdiu)
2102 3011 2347 3095 formis
2389 3013 2697 3077 evidenter
2740 3013 2968 3077 mediis

654 3135 781 3178 non
843 3133 980 3178 esse
1040 3133 1180 3178 cum
1246 3115 1400 3178 aliis
1462 3135 1740 3180 conneoea
1803 3116 2136 3195 reperitur.
2238 3114 2395 3180 Inde
2449 3121 2656 3180 tamen
2708 3117 2965 3180 minime

653 3219 933 3299 sequitur
951 3265 966 3294 ,
1021 3237 1232 3282 omnes
1281 3217 1436 3281 illas
1488 3217 1724 3298 species
1777 3237 1974 3281 novas
2028 3238 2164 3281 csse
2215 3218 2645 3299 aqnoscendas
2663 3265 2679 3293 ,
2733 3218 2963 3300 quibus

655 3319 866 3385 Flora
904 3325 1129 3385 nostra
1169 3319 1412 3384 ultimis
1456 3319 1833 3400 temporibus
1877 3322 1963 3383 sit
2004 3320 2225 3384 ditata.
2292 3320 2543 3384 Harum
2585 3322 2750 3384 enim
2790 3320 2966 3384 haud

653 3426 883 3506 exiqua
940 3443 1105 3505 pars
1156 3421 1602 3487 vacillantibus
1662 3422 2116 3505 levissimisque
2168 3425 2335 3487 notis
2385 3424 2648 3500 nititur,·
2700 3425 2814 3487 uni
2864 3423 2962 3488 vel

641 3529 875 3609 paucis
919 3526 1359 3606 speciminibus
1400 3527 1472 3590 in
1512 3509 1835 3589 herbariis
1879 3526 2228 3589 asservatis
2269 3527 2461 3589 nimis
2504 3527 2812 3591 evidenter
2856 3526 2958 3590 de-

654 3631 792 3694 bent
841 3634 1048 3693 ortum
1102 3649 1294 3712 neque
1340 3633 1634 3693 accurato
1660 3626 2035 3710 formarum
2078 3631 2411 3692 vivent-ium
2454 3629 2679 3694 studio.
2772 3627 2952 3711 Inqe·

652 3754 773 3796 nuc
808 3731 1126 3814 fatemur,
1182 3752 1298 3797 nos
1352 3732 1669 3813 speciebus
1713 3732 1891 3794 novis
1938 3731 2131 3796 multo
2174 3733 2384 3795 minus
2428 3731 2726 3795 delectari
2767 3752 2952 3814 quam

652 3835 989 3910 veteribus,
1049 3839 1237 3900 antea
1289 3834 1598 3917 confusis,
1639 3833 1786 3915 jam
1840 3855 1983 3898 vero
2042 3834 2406 3914 explicatis;
2457 3839 2550 3899 est
2592 3834 2771 3898 nobis
2807 3856 2948 3915 per-

652 3958 917 4003 suasum
937 3986 951 4015 ,
1019 3938 1184 4002 inter
1251 3937 1516 4002 lichenes
1582 3956 1903 4018 curopoeos
1969 3936 2214 4000 sollerti
2275 3938 2559 4000 examine
2612 3938 2949 4017 specierum

636 4041 783 4122 jam
820 4043 1302 4122 propositarum
1352 4039 1546 4103 multo
1598 4042 1803 4117 mayis
1856 4058 2013 4120 opus
2067 4059 2230 4116 csse,
2292 4061 2483 4122 quam
2537 4039 2728 4103 avida
2780 4040 2946 4103 inde-

630 4144 944 4227 fessaque
991 4145 1440 4208 consectatione
1484 4142 1873 4222 formarum,
1929 4141 2153 4224 quibus
2210 4142 2612 4206 adscribatur
2656 4141 2946 4206 blandum

647 4246 811 4310 illud
874 4244 967 4310 ''n.
1033 4244 1164 4327 sp.”
1214 4283 1291 4293 —
1355 4243 1572 4328 Neque
1635 4247 2010 4309 varietatum
2072 4263 2291 4308 sumus
2358 4249 2692 4308 amatores,
2793 4244 2945 4308 Fere

648 4351 896 4413 omnino
952 4351 1335 4413 assentimur
1388 4348 1655 4412 Dinnoeo
1705 4348 1965 4411 dicenti:
2023 4345 2490 4427 ”conspurcavit
2535 4347 2739 4427 maqis
2781 4346 2943 4410 bota-

647 4454 827 4517 nicen
870 4452 1246 4516 varietatum
1303 4452 1675 4516 introductio
1729 4471 1917 4532 quam
1961 4449 2098 4513 alia
2140 4469 2243 4513 res
2286 4449 2425 4512 ulla
2440 4497 2454 4526 ‚
2498 4452 2567 4510 ut
2611 4449 2741 4511 nisi
2782 4447 2946 4511 brevi

648 4556 886 4621 medela
953 4561 1158 4622 actum
1204 4554 1451 4638 suisset
1514 4554 1588 4619 dc
1652 4555 1980 4630 scientia”,·
2032 4571 2284 4635 paucas
2348 4553 2543 4634 iqitur
2608 4551 2942 4631 recepimus
