<?xml version="1.0" encoding="UTF-8"?>
<!DOCTYPE html PUBLIC "-//W3C//DTD XHTML 1.0 Transitional//EN"
    "http://www.w3.org/TR/xhtml1/DTD/xhtml1-transitional.dtd">
<html xmlns="http://www.w3.org/1999/xhtml" xml:lang="en" lang="en">
 <head>
  <title>
</title>
<meta http-equiv="Content-Type" content="text/html;charset=utf-8" />
  <meta name='ocr-system' content='tesseract 3.04.00' />
  <meta name='ocr-capabilities' content='ocr_page ocr_carea ocr_par ocr_line ocrx_word'/>
</head>
<body>
  <div class='ocr_page' id='page_1' title='image "./lichenographias00friegoog_0547.png"; bbox 0 0 3177 5011; ppageno 0'>
   <div class='ocr_carea' id='block_1_1' title="bbox 1272 309 1401 379">
    <p class='ocr_par' dir='ltr' id='par_1_1' title="bbox 1272 309 1401 379">
     <span class='ocr_line' id='line_1_1' title="bbox 1272 309 1401 379; baseline 0 0"><span class='ocrx_word' id='word_1_1' title='bbox 1272 309 1401 379; x_wconf 85' lang='lat'><strong>483</strong></span> 
     </span>
    </p>
   </div>
   <div class='ocr_carea' id='block_1_2' title="bbox 171 463 2497 1234">
    <p class='ocr_par' dir='ltr' id='par_1_2' title="bbox 171 463 2497 800">
     <span class='ocr_line' id='line_1_2' title="bbox 171 463 2493 539; baseline 0 -18"><span class='ocrx_word' id='word_1_2' title='bbox 171 463 267 522; x_wconf 89' lang='lat' dir='ltr'><strong>bus</strong></span> <span class='ocrx_word' id='word_1_3' title='bbox 302 465 473 522; x_wconf 84' lang='lat' dir='ltr'><strong>adhuc</strong></span> <span class='ocrx_word' id='word_1_4' title='bbox 508 465 837 523; x_wconf 74' lang='lat' dir='ltr'><strong>examinatis.</strong></span> <span class='ocrx_word' id='word_1_5' title='bbox 920 464 1103 538; x_wconf 84' lang='lat' dir='ltr'><strong>Neque</strong></span> <span class='ocrx_word' id='word_1_6' title='bbox 1153 466 1436 524; x_wconf 84' lang='lat' dir='ltr'><strong>tacendum</strong></span> <span class='ocrx_word' id='word_1_7' title='bbox 1486 464 1720 523; x_wconf 74' lang='lat' dir='ltr'><strong>adfuisse</strong></span> <span class='ocrx_word' id='word_1_8' title='bbox 1766 463 1916 522; x_wconf 90' lang='lat' dir='ltr'><strong>nobis</strong></span> <span class='ocrx_word' id='word_1_9' title='bbox 1961 467 2224 539; x_wconf 77' lang='lat' dir='ltr'><strong>specimen</strong></span> <span class='ocrx_word' id='word_1_10' title='bbox 2268 465 2376 523; x_wconf 78' lang='lat' dir='ltr'><strong>fere</strong></span> <span class='ocrx_word' id='word_1_11' title='bbox 2412 464 2493 522; x_wconf 90' lang='lat' dir='ltr'><strong>in-</strong></span> 
     </span>
     <span class='ocr_line' id='line_1_3' title="bbox 172 553 2493 625; baseline 0 -16"><span class='ocrx_word' id='word_1_12' title='bbox 172 554 486 609; x_wconf 88' lang='lat' dir='ltr'><strong>termedium</strong></span> <span class='ocrx_word' id='word_1_13' title='bbox 523 572 584 611; x_wconf 85' lang='lat' dir='ltr'><strong>ex</strong></span> <span class='ocrx_word' id='word_1_14' title='bbox 619 554 928 611; x_wconf 76' lang='lat' dir='ltr'><strong>Hemosand</strong></span> <span class='ocrx_word' id='word_1_15' title='bbox 974 553 1050 620; x_wconf 88' lang='lat' dir='ltr'><strong>(S.</strong></span> <span class='ocrx_word' id='word_1_16' title='bbox 1097 554 1411 625; x_wconf 83' lang='lat' dir='ltr'><strong>Almqvist),</strong></span> <span class='ocrx_word' id='word_1_17' title='bbox 1458 554 1752 625; x_wconf 84' lang='lat' dir='ltr'><strong>apotheciis</strong></span> <span class='ocrx_word' id='word_1_18' title='bbox 1795 555 2104 610; x_wconf 83' lang='lat' dir='ltr'><strong>tenuissime</strong></span> <span class='ocrx_word' id='word_1_19' title='bbox 2139 556 2378 612; x_wconf 81' lang='lat' dir='ltr'><strong>irroratis</strong></span> <span class='ocrx_word' id='word_1_20' title='bbox 2412 555 2493 609; x_wconf 91' lang='lat' dir='ltr'><strong>in-</strong></span> 
     </span>
     <span class='ocr_line' id='line_1_4' title="bbox 173 640 2497 713; baseline 0.001 -18"><span class='ocrx_word' id='word_1_21' title='bbox 173 658 327 713; x_wconf 82' lang='lat' dir='ltr'><strong>super</strong></span> <span class='ocrx_word' id='word_1_22' title='bbox 363 642 622 698; x_wconf 81' lang='lat' dir='ltr'><strong>recedens.</strong></span> <span class='ocrx_word' id='word_1_23' title='bbox 671 674 736 684; x_wconf 92' lang='lat'>—</span> <span class='ocrx_word' id='word_1_24' title='bbox 770 642 912 697; x_wconf 89' lang='lat' dir='ltr'><strong>Num</strong></span> <span class='ocrx_word' id='word_1_25' title='bbox 948 641 1104 712; x_wconf 64' lang='lat' dir='ltr'><strong>hujus</strong></span> <span class='ocrx_word' id='word_1_26' title='bbox 1137 642 1241 696; x_wconf 83' lang='lat' dir='ltr'><strong>loci</strong></span> <span class='ocrx_word' id='word_1_27' title='bbox 1279 644 1362 697; x_wconf 87' lang='lat' dir='ltr'><strong>est</strong></span> <span class='ocrx_word' id='word_1_28' title='bbox 1394 640 1625 696; x_wconf 79' lang='lat' dir='ltr'><strong>Lecidea</strong></span> <span class='ocrx_word' id='word_1_29' title='bbox 1659 640 2022 696; x_wconf 78' lang='lat' dir='ltr'><strong>atrobrunnea</strong></span> <span class='ocrx_word' id='word_1_30' title='bbox 2055 648 2110 713; x_wconf 76' lang='grc' dir='ltr'><strong>β.</strong></span> <span class='ocrx_word' id='word_1_31' title='bbox 2138 642 2497 712; x_wconf 59' lang='lat' dir='ltr'><strong>pleneme-ula</strong></span> 
     </span>
     <span class='ocr_line' id='line_1_5' title="bbox 172 726 1969 800; baseline -0.001 -18"><span class='ocrx_word' id='word_1_32' title='bbox 172 727 330 782; x_wconf 74' lang='lat' dir='ltr'><strong>Korb.</strong></span> <span class='ocrx_word' id='word_1_33' title='bbox 368 730 467 799; x_wconf 86' lang='lat' dir='ltr'><strong>Pg.</strong></span> <span class='ocrx_word' id='word_1_34' title='bbox 506 747 556 800; x_wconf 91' lang='lat' dir='ltr'><strong>p.</strong></span> <span class='ocrx_word' id='word_1_35' title='bbox 595 730 744 784; x_wconf 75' lang='lat'>198?</span> <span class='ocrx_word' id='word_1_36' title='bbox 816 730 994 784; x_wconf 85' lang='lat' dir='ltr'><strong>”Auch</strong></span> <span class='ocrx_word' id='word_1_37' title='bbox 1028 729 1229 784; x_wconf 85' lang='lat' dir='ltr'><strong>besitze</strong></span> <span class='ocrx_word' id='word_1_38' title='bbox 1264 727 1352 782; x_wconf 87' lang='lat' dir='ltr'><strong>ich</strong></span> <span class='ocrx_word' id='word_1_39' title='bbox 1388 727 1464 782; x_wconf 89' lang='lat' dir='ltr'><strong>sie</strong></span> <span class='ocrx_word' id='word_1_40' title='bbox 1500 743 1594 782; x_wconf 84' lang='lat' dir='ltr'><strong>aus</strong></span> <span class='ocrx_word' id='word_1_41' title='bbox 1630 726 1969 797; x_wconf 85' lang='lat' dir='ltr'><strong>Norwegen.”</strong></span> 
     </span>
    </p>

    <p class='ocr_par' dir='ltr' id='par_1_3' title="bbox 176 810 2497 1234">
     <span class='ocr_line' id='line_1_6' title="bbox 314 810 2491 884; baseline -0.004 -12"><span class='ocrx_word' id='word_1_42' title='bbox 314 816 427 873; x_wconf 73' lang='lat' dir='ltr'><strong>obs.</strong></span> <span class='ocrx_word' id='word_1_43' title='bbox 463 818 513 872; x_wconf 82' lang='lat'><strong>2.</strong></span> <span class='ocrx_word' id='word_1_44' title='bbox 586 816 810 872; x_wconf 87' lang='lat' dir='ltr'><strong>Seorsim</strong></span> <span class='ocrx_word' id='word_1_45' title='bbox 847 815 1207 871; x_wconf 86' lang='lat' dir='ltr'><strong>disserendum</strong></span> <span class='ocrx_word' id='word_1_46' title='bbox 1243 813 1310 869; x_wconf 89' lang='lat' dir='ltr'><strong>de</strong></span> <span class='ocrx_word' id='word_1_47' title='bbox 1346 815 1632 884; x_wconf 77' lang='lat' dir='ltr'><strong>specimine</strong></span> <span class='ocrx_word' id='word_1_48' title='bbox 1668 831 1698 869; x_wconf 91' lang='lat' dir='ltr'><strong>e</strong></span> <span class='ocrx_word' id='word_1_49' title='bbox 1735 813 2083 869; x_wconf 79' lang='lat' dir='ltr'><strong>Guldholmen</strong></span> <span class='ocrx_word' id='word_1_50' title='bbox 2109 811 2277 867; x_wconf 85' lang='lat' dir='ltr'><strong>Finm.</strong></span> <span class='ocrx_word' id='word_1_51' title='bbox 2304 810 2491 866; x_wconf 88' lang='lat' dir='ltr'><strong>orient.</strong></span> 
     </span>
     <span class='ocr_line' id='line_1_7' title="bbox 177 898 2494 971; baseline -0.001 -17"><span class='ocrx_word' id='word_1_52' title='bbox 177 906 461 971; x_wconf 84' lang='lat' dir='ltr'><strong>reportato.</strong></span> <span class='ocrx_word' id='word_1_53' title='bbox 531 903 672 958; x_wconf 88' lang='lat' dir='ltr'><strong>Illud</strong></span> <span class='ocrx_word' id='word_1_54' title='bbox 730 904 830 959; x_wconf 86' lang='lat' dir='ltr'><strong>huc</strong></span> <span class='ocrx_word' id='word_1_55' title='bbox 884 920 997 959; x_wconf 85' lang='lat' dir='ltr'><strong>esse</strong></span> <span class='ocrx_word' id='word_1_56' title='bbox 1044 901 1336 958; x_wconf 88' lang='lat' dir='ltr'><strong>ducendum</strong></span> <span class='ocrx_word' id='word_1_57' title='bbox 1382 900 1597 955; x_wconf 87' lang='lat' dir='ltr'><strong>minime</strong></span> <span class='ocrx_word' id='word_1_58' title='bbox 1651 900 1977 963; x_wconf 85' lang='lat' dir='ltr'><strong>dubitamus,</strong></span> <span class='ocrx_word' id='word_1_59' title='bbox 2024 898 2129 954; x_wconf 88' lang='lat' dir='ltr'><strong>etsi</strong></span> <span class='ocrx_word' id='word_1_60' title='bbox 2169 898 2494 969; x_wconf 80' lang='lat' dir='ltr'><strong>paucissimae</strong></span> 
     </span>
     <span class='ocr_line' id='line_1_8' title="bbox 179 985 2497 1062; baseline -0.001 -20"><span class='ocrx_word' id='word_1_61' title='bbox 179 987 332 1043; x_wconf 89' lang='lat' dir='ltr'><strong>modo</strong></span> <span class='ocrx_word' id='word_1_62' title='bbox 368 990 557 1060; x_wconf 81' lang='lat' dir='ltr'><strong>hyphae</strong></span> <span class='ocrx_word' id='word_1_63' title='bbox 594 993 721 1046; x_wconf 79' lang='lat' dir='ltr'><strong>totae</strong></span> <span class='ocrx_word' id='word_1_64' title='bbox 756 991 842 1046; x_wconf 86' lang='lat' dir='ltr'><strong>vel</strong></span> <span class='ocrx_word' id='word_1_65' title='bbox 877 1008 952 1062; x_wconf 90' lang='lat' dir='ltr'><strong>pr.</strong></span> <span class='ocrx_word' id='word_1_66' title='bbox 990 1008 1039 1062; x_wconf 89' lang='lat' dir='ltr'><strong>p.</strong></span> <span class='ocrx_word' id='word_1_67' title='bbox 1073 990 1199 1059; x_wconf 86' lang='lat' dir='ltr'><strong>jodo</strong></span> <span class='ocrx_word' id='word_1_68' title='bbox 1236 989 1576 1044; x_wconf 77' lang='lat' dir='ltr'><strong>coerulescunt</strong></span> <span class='ocrx_word' id='word_1_69' title='bbox 1591 1029 1608 1056; x_wconf 92' lang='lat'>‚</span> <span class='ocrx_word' id='word_1_70' title='bbox 1662 988 1847 1042; x_wconf 78' lang='lat' dir='ltr'><strong>ceteroe</strong></span> <span class='ocrx_word' id='word_1_71' title='bbox 1891 985 2171 1041; x_wconf 77' lang='lat' dir='ltr'><strong>latescunt.</strong></span> <span class='ocrx_word' id='word_1_72' title='bbox 2242 985 2339 1039; x_wconf 84' lang='lat' dir='ltr'><strong>Est</strong></span> <span class='ocrx_word' id='word_1_73' title='bbox 2372 1000 2497 1039; x_wconf 79' lang='lat' dir='ltr'><strong>vero</strong></span> 
     </span>
     <span class='ocr_line' id='line_1_9' title="bbox 178 1071 2496 1148; baseline -0.001 -18"><span class='ocrx_word' id='word_1_74' title='bbox 178 1076 490 1131; x_wconf 80' lang='lat' dir='ltr'><strong>Endococeo</strong></span> <span class='ocrx_word' id='word_1_75' title='bbox 547 1078 850 1148; x_wconf 79' lang='lat' dir='ltr'><strong>frequenter</strong></span> <span class='ocrx_word' id='word_1_76' title='bbox 904 1078 1133 1132; x_wconf 87' lang='lat' dir='ltr'><strong>obsitum</strong></span> <span class='ocrx_word' id='word_1_77' title='bbox 1148 1118 1164 1146; x_wconf 91' lang='lat'><strong>,</strong></span> <span class='ocrx_word' id='word_1_78' title='bbox 1217 1093 1330 1147; x_wconf 82' lang='lat' dir='ltr'><strong>quae</strong></span> <span class='ocrx_word' id='word_1_79' title='bbox 1374 1075 1614 1146; x_wconf 82' lang='lat' dir='ltr'><strong>plantula</strong></span> <span class='ocrx_word' id='word_1_80' title='bbox 1649 1072 1931 1145; x_wconf 80' lang='lat' dir='ltr'><strong>parasitica</strong></span> <span class='ocrx_word' id='word_1_81' title='bbox 1964 1073 2253 1128; x_wconf 49' lang='lat' dir='ltr'><strong>materiam¹</strong></span> <span class='ocrx_word' id='word_1_82' title='bbox 2277 1071 2496 1144; x_wconf 79' lang='lat' dir='ltr'><strong>amyloi-</strong></span> 
     </span>
     <span class='ocr_line' id='line_1_10' title="bbox 176 1160 1824 1234; baseline -0.001 -18"><span class='ocrx_word' id='word_1_83' title='bbox 176 1161 329 1217; x_wconf 89' lang='lat' dir='ltr'><strong>deam</strong></span> <span class='ocrx_word' id='word_1_84' title='bbox 367 1164 725 1220; x_wconf 87' lang='lat' dir='ltr'><strong>verisimiliter</strong></span> <span class='ocrx_word' id='word_1_85' title='bbox 760 1164 862 1220; x_wconf 88' lang='lat' dir='ltr'><strong>sibi</strong></span> <span class='ocrx_word' id='word_1_86' title='bbox 898 1163 1124 1234; x_wconf 84' lang='lat' dir='ltr'><strong>arripuit</strong></span> <span class='ocrx_word' id='word_1_87' title='bbox 1150 1163 1319 1218; x_wconf 81' lang='lat' dir='ltr'><strong>aliove</strong></span> <span class='ocrx_word' id='word_1_88' title='bbox 1357 1163 1509 1217; x_wconf 87' lang='lat' dir='ltr'><strong>modo</strong></span> <span class='ocrx_word' id='word_1_89' title='bbox 1546 1160 1824 1217; x_wconf 81' lang='lat' dir='ltr'><strong>destruxit.</strong></span> 
     </span>
    </p>
   </div>
   <div class='ocr_carea' id='block_1_3' title="bbox 800 1321 1862 1387">
    <p class='ocr_par' dir='ltr' id='par_1_4' title="bbox 800 1321 1862 1387">
     <span class='ocr_line' id='line_1_11' title="bbox 800 1321 1862 1387; baseline -0.002 -3"><span class='ocrx_word' id='word_1_90' title='bbox 800 1321 900 1384; x_wconf 83' lang='lat'><strong>77.</strong></span> <span class='ocrx_word' id='word_1_91' title='bbox 990 1327 1054 1385; x_wconf 91' lang='lat' dir='ltr'><strong>L.</strong></span> <span class='ocrx_word' id='word_1_92' title='bbox 1115 1324 1671 1387; x_wconf 80' lang='lat' dir='ltr'>ATHBOOCARPA</span> <span class='ocrx_word' id='word_1_93' title='bbox 1716 1323 1862 1384; x_wconf 83' lang='lat' dir='ltr'><strong>Ach.</strong></span> 
     </span>
    </p>
   </div>
   <div class='ocr_carea' id='block_1_4' title="bbox 175 1457 2498 2057">
    <p class='ocr_par' dir='ltr' id='par_1_5' title="bbox 175 1457 2498 2057">
     <span class='ocr_line' id='line_1_12' title="bbox 350 1457 2493 1542; baseline -0.001 -19"><span class='ocrx_word' id='word_1_94' title='bbox 350 1457 572 1523; x_wconf 82' lang='lat' dir='ltr'><strong>Crusta</strong></span> <span class='ocrx_word' id='word_1_95' title='bbox 627 1457 947 1535; x_wconf 59' lang='lat' dir='ltr'><strong>areolam,</strong></span> <span class='ocrx_word' id='word_1_96' title='bbox 1009 1458 1231 1524; x_wconf 86' lang='lat' dir='ltr'><strong>areolis</strong></span> <span class='ocrx_word' id='word_1_97' title='bbox 1265 1460 1705 1541; x_wconf 75' lang='lat' dir='ltr'><strong>planiusculis</strong></span> <span class='ocrx_word' id='word_1_98' title='bbox 1747 1457 1845 1523; x_wconf 85' lang='lat' dir='ltr'><strong>vel</strong></span> <span class='ocrx_word' id='word_1_99' title='bbox 1891 1457 2061 1523; x_wconf 85' lang='lat' dir='ltr'><strong>disco</strong></span> <span class='ocrx_word' id='word_1_100' title='bbox 2110 1458 2493 1542; x_wconf 75' lang='lat' dir='ltr'><strong>irreyulari-</strong></span> 
     </span>
     <span class='ocr_line' id='line_1_13' title="bbox 176 1561 2498 1649; baseline 0.001 -24"><span class='ocrx_word' id='word_1_101' title='bbox 176 1566 274 1626; x_wconf 76' lang='lat' dir='ltr'><strong>ter</strong></span> <span class='ocrx_word' id='word_1_102' title='bbox 326 1561 764 1627; x_wconf 62' lang='lat' dir='ltr'><strong>scrobiaeulatis</strong></span> <span class='ocrx_word' id='word_1_103' title='bbox 829 1562 1399 1628; x_wconf 76' lang='lat' dir='ltr'><strong>concaviusculisve</strong></span> <span class='ocrx_word' id='word_1_104' title='bbox 1466 1561 1848 1645; x_wconf 87' lang='lat' dir='ltr'><strong>marginibus</strong></span> <span class='ocrx_word' id='word_1_105' title='bbox 1904 1561 2266 1645; x_wconf 89' lang='lat' dir='ltr'><strong>prominulis</strong></span> <span class='ocrx_word' id='word_1_106' title='bbox 2288 1610 2305 1639; x_wconf 93' lang='lat'><strong>,</strong></span> <span class='ocrx_word' id='word_1_107' title='bbox 2366 1563 2498 1649; x_wconf 75' lang='lat' dir='ltr'><strong>tota</strong></span> 
     </span>
     <span class='ocr_line' id='line_1_14' title="bbox 175 1663 2492 1750; baseline 0 -21"><span class='ocrx_word' id='word_1_108' title='bbox 175 1663 408 1748; x_wconf 88' lang='lat' dir='ltr'><strong>pallide</strong></span> <span class='ocrx_word' id='word_1_109' title='bbox 477 1665 805 1731; x_wconf 83' lang='lat' dir='ltr'><strong>obscureve</strong></span> <span class='ocrx_word' id='word_1_110' title='bbox 852 1664 1230 1748; x_wconf 71' lang='lat' dir='ltr'><strong>suscescens</strong></span> <span class='ocrx_word' id='word_1_111' title='bbox 1290 1666 1388 1731; x_wconf 82' lang='lat' dir='ltr'><strong>vel</strong></span> <span class='ocrx_word' id='word_1_112' title='bbox 1442 1665 1965 1749; x_wconf 89' lang='lat' dir='ltr'><strong>albomarginata;</strong></span> <span class='ocrx_word' id='word_1_113' title='bbox 2040 1665 2261 1750; x_wconf 80' lang='lat' dir='ltr'><strong>hyphae</strong></span> <span class='ocrx_word' id='word_1_114' title='bbox 2313 1686 2492 1748; x_wconf 75' lang='lat' dir='ltr'><strong>amy-</strong></span> 
     </span>
     <span class='ocr_line' id='line_1_15' title="bbox 179 1767 2493 1851; baseline 0.001 -20"><span class='ocrx_word' id='word_1_115' title='bbox 179 1767 430 1844; x_wconf 75' lang='lat' dir='ltr'><strong>loideae,·</strong></span> <span class='ocrx_word' id='word_1_116' title='bbox 476 1767 794 1850; x_wconf 87' lang='lat' dir='ltr'><strong>apothecia</strong></span> <span class='ocrx_word' id='word_1_117' title='bbox 838 1769 1095 1844; x_wconf 77' lang='lat' dir='ltr'><strong>innata,</strong></span> <span class='ocrx_word' id='word_1_118' title='bbox 1141 1768 1348 1847; x_wconf 79' lang='lat' dir='ltr'><strong>nuda,</strong></span> <span class='ocrx_word' id='word_1_119' title='bbox 1385 1768 1629 1850; x_wconf 80' lang='lat' dir='ltr'><strong>plana,</strong></span> <span class='ocrx_word' id='word_1_120' title='bbox 1686 1773 1962 1851; x_wconf 85' lang='lat' dir='ltr'><strong>margine</strong></span> <span class='ocrx_word' id='word_1_121' title='bbox 2006 1769 2175 1833; x_wconf 89' lang='lat' dir='ltr'><strong>tenui</strong></span> <span class='ocrx_word' id='word_1_122' title='bbox 2222 1768 2493 1843; x_wconf 84' lang='lat' dir='ltr'><strong>elevato;</strong></span> 
     </span>
     <span class='ocr_line' id='line_1_16' title="bbox 175 1869 2497 1956; baseline 0 -22"><span class='ocrx_word' id='word_1_123' title='bbox 175 1869 612 1954; x_wconf 72' lang='lat' dir='ltr'><strong>hypothesium</strong></span> <span class='ocrx_word' id='word_1_124' title='bbox 678 1870 819 1955; x_wconf 88' lang='lat' dir='ltr'><strong>plus</strong></span> <span class='ocrx_word' id='word_1_125' title='bbox 886 1871 1087 1934; x_wconf 88' lang='lat' dir='ltr'><strong>minus</strong></span> <span class='ocrx_word' id='word_1_126' title='bbox 1154 1870 1526 1947; x_wconf 75' lang='lat' dir='ltr'><strong>fuscescens3</strong></span> <span class='ocrx_word' id='word_1_127' title='bbox 1582 1870 1954 1956; x_wconf 84' lang='lat' dir='ltr'><strong>paraphyses</strong></span> <span class='ocrx_word' id='word_1_128' title='bbox 2016 1871 2310 1956; x_wconf 77' lang='lat' dir='ltr'><strong>gracileS,</strong></span> <span class='ocrx_word' id='word_1_129' title='bbox 2356 1871 2497 1956; x_wconf 87' lang='lat' dir='ltr'><strong>plus</strong></span> 
     </span>
     <span class='ocr_line' id='line_1_17' title="bbox 175 1974 1701 2057; baseline -0.001 -20"><span class='ocrx_word' id='word_1_130' title='bbox 175 1974 381 2038; x_wconf 86' lang='lat' dir='ltr'><strong>minus</strong></span> <span class='ocrx_word' id='word_1_131' title='bbox 425 1974 559 2038; x_wconf 83' lang='lat' dir='ltr'><strong>laxe</strong></span> <span class='ocrx_word' id='word_1_132' title='bbox 606 1975 1015 2049; x_wconf 77' lang='lat' dir='ltr'><strong>cohaerente83</strong></span> <span class='ocrx_word' id='word_1_133' title='bbox 1065 1992 1263 2057; x_wconf 87' lang='lat' dir='ltr'><strong>sporae</strong></span> <span class='ocrx_word' id='word_1_134' title='bbox 1306 1975 1701 2057; x_wconf 81' lang='lat' dir='ltr'><strong>majusculae.</strong></span> 
     </span>
    </p>
   </div>
   <div class='ocr_carea' id='block_1_5' title="bbox 172 2090 2502 2856">
    <p class='ocr_par' dir='ltr' id='par_1_6' title="bbox 172 2090 2496 2250">
     <span class='ocr_line' id='line_1_18' title="bbox 317 2090 2496 2162; baseline 0 -17"><span class='ocrx_word' id='word_1_135' title='bbox 317 2093 457 2162; x_wconf 82' lang='lat' dir='ltr'><strong>Syn.</strong></span> <span class='ocrx_word' id='word_1_136' title='bbox 527 2092 723 2148; x_wconf 64' lang='lat' dir='ltr'><strong>Lichan</strong></span> <span class='ocrx_word' id='word_1_137' title='bbox 762 2093 1148 2162; x_wconf 72' lang='lat' dir='ltr'><strong>athroocarpus</strong></span> <span class='ocrx_word' id='word_1_138' title='bbox 1183 2093 1310 2147; x_wconf 86' lang='lat' dir='ltr'><strong>Ach.</strong></span> <span class='ocrx_word' id='word_1_139' title='bbox 1349 2092 1530 2147; x_wconf 90' lang='lat' dir='ltr'><strong>Prodr.</strong></span> <span class='ocrx_word' id='word_1_140' title='bbox 1569 2092 1762 2160; x_wconf 83' lang='lat'>(1894)</span> <span class='ocrx_word' id='word_1_141' title='bbox 1799 2107 1847 2162; x_wconf 89' lang='lat' dir='ltr'><strong>p.</strong></span> <span class='ocrx_word' id='word_1_142' title='bbox 1887 2092 1974 2147; x_wconf 79' lang='lat'><strong>77.</strong></span> <span class='ocrx_word' id='word_1_143' title='bbox 2012 2121 2077 2133; x_wconf 93' lang='lat'><strong>-—</strong></span> <span class='ocrx_word' id='word_1_144' title='bbox 2112 2090 2339 2147; x_wconf 70' lang='lat' dir='ltr'><strong>Lacidea</strong></span> <span class='ocrx_word' id='word_1_145' title='bbox 2368 2090 2496 2148; x_wconf 84' lang='lat' dir='ltr'><strong>Ach.</strong></span> 
     </span>
     <span class='ocr_line' id='line_1_19' title="bbox 172 2179 773 2250; baseline -0.003 -16"><span class='ocrx_word' id='word_1_146' title='bbox 172 2179 342 2234; x_wconf 86' lang='lat' dir='ltr'><strong>Meth.</strong></span> <span class='ocrx_word' id='word_1_147' title='bbox 378 2180 567 2249; x_wconf 91' lang='grc'>(1883)</span> <span class='ocrx_word' id='word_1_148' title='bbox 602 2197 651 2250; x_wconf 91' lang='lat' dir='ltr'><strong>p.</strong></span> <span class='ocrx_word' id='word_1_149' title='bbox 688 2180 773 2232; x_wconf 86' lang='lat'><strong>41.</strong></span> 
     </span>
    </p>

    <p class='ocr_par' dir='ltr' id='par_1_7' title="bbox 318 2262 2497 2335">
     <span class='ocr_line' id='line_1_20' title="bbox 318 2262 2497 2335; baseline -0.001 -15"><span class='ocrx_word' id='word_1_150' title='bbox 318 2265 544 2320; x_wconf 69' lang='lat' dir='ltr'><strong>Locz&#39;dea</strong></span> <span class='ocrx_word' id='word_1_151' title='bbox 578 2266 887 2320; x_wconf 74' lang='lat' dir='ltr'><strong>cechumena</strong></span> <span class='ocrx_word' id='word_1_152' title='bbox 924 2282 1039 2320; x_wconf 83' lang='lat' dir='ltr'><strong>var.</strong></span> <span class='ocrx_word' id='word_1_153' title='bbox 1077 2265 1435 2334; x_wconf 74' lang='lat' dir='ltr'><strong>athroocarpa</strong></span> <span class='ocrx_word' id='word_1_154' title='bbox 1469 2264 1599 2319; x_wconf 88' lang='lat' dir='ltr'><strong>Ach</strong></span> <span class='ocrx_word' id='word_1_155' title='bbox 1638 2262 2107 2318; x_wconf 75' lang='lat' dir='ltr'><strong>vet-Ak.1·1andl.</strong></span> <span class='ocrx_word' id='word_1_156' title='bbox 2137 2264 2277 2317; x_wconf 90' lang='grc'>1808</span> <span class='ocrx_word' id='word_1_157' title='bbox 2301 2282 2349 2335; x_wconf 89' lang='lat' dir='ltr'><strong>p.</strong></span> <span class='ocrx_word' id='word_1_158' title='bbox 2377 2265 2497 2318; x_wconf 89' lang='grc'>231.</span> 
     </span>
    </p>

    <p class='ocr_par' dir='ltr' id='par_1_8' title="bbox 322 2349 2103 2422">
     <span class='ocr_line' id='line_1_21' title="bbox 322 2349 2103 2422; baseline -0.002 -16"><span class='ocrx_word' id='word_1_159' title='bbox 322 2352 552 2407; x_wconf 80' lang='lat' dir='ltr'><strong>Lecidea</strong></span> <span class='ocrx_word' id='word_1_160' title='bbox 578 2353 803 2422; x_wconf 78' lang='lat' dir='ltr'><strong>fumosa</strong></span> <span class='ocrx_word' id='word_1_161' title='bbox 838 2353 883 2407; x_wconf 85' lang='lat' dir='ltr'><strong>b.</strong></span> <span class='ocrx_word' id='word_1_162' title='bbox 923 2354 1279 2421; x_wconf 73' lang='lat' dir='ltr'><strong>athroocarpa</strong></span> <span class='ocrx_word' id='word_1_163' title='bbox 1316 2351 1447 2406; x_wconf 87' lang='lat' dir='ltr'><strong>Ach.</strong></span> <span class='ocrx_word' id='word_1_164' title='bbox 1484 2349 1643 2407; x_wconf 86' lang='lat' dir='ltr'><strong>Univ.</strong></span> <span class='ocrx_word' id='word_1_165' title='bbox 1679 2369 1728 2421; x_wconf 92' lang='lat' dir='ltr'><strong>p.</strong></span> <span class='ocrx_word' id='word_1_166' title='bbox 1768 2350 1872 2404; x_wconf 85' lang='lat'><strong>158</strong></span> <span class='ocrx_word' id='word_1_167' title='bbox 1907 2358 1979 2421; x_wconf 90' lang='lat' dir='ltr'><strong>(p.</strong></span> <span class='ocrx_word' id='word_1_168' title='bbox 2006 2367 2059 2420; x_wconf 92' lang='lat' dir='ltr'><strong>p.</strong></span> <span class='ocrx_word' id='word_1_169' title='bbox 2067 2355 2103 2415; x_wconf 87' lang='lat'><strong>).</strong></span> 
     </span>
    </p>

    <p class='ocr_par' dir='ltr' id='par_1_9' title="bbox 320 2430 2185 2511">
     <span class='ocr_line' id='line_1_22' title="bbox 320 2430 2185 2511; baseline -0.003 -18"><span class='ocrx_word' id='word_1_170' title='bbox 320 2439 497 2493; x_wconf 77' lang='lat' dir='ltr'><strong>Psora</strong></span> <span class='ocrx_word' id='word_1_171' title='bbox 523 2440 748 2510; x_wconf 80' lang='lat' dir='ltr'><strong>fumosa</strong></span> <span class='ocrx_word' id='word_1_172' title='bbox 786 2461 839 2493; x_wconf 83' lang='grc' dir='ltr'><strong>α.</strong></span> <span class='ocrx_word' id='word_1_173' title='bbox 880 2440 1056 2493; x_wconf 63' lang='lat' dir='ltr'><strong>nitida</strong></span> <span class='ocrx_word' id='word_1_174' title='bbox 1083 2441 1138 2511; x_wconf 81' lang='lat' dir='ltr'><strong>f.</strong></span> <span class='ocrx_word' id='word_1_175' title='bbox 1167 2430 1459 2508; x_wconf 62' lang='lat' dir='ltr'><strong>polyyonia</strong></span> <span class='ocrx_word' id='word_1_176' title='bbox 1495 2436 1661 2502; x_wconf 86' lang='lat' dir='ltr'><strong>(Flk.)</strong></span> <span class='ocrx_word' id='word_1_177' title='bbox 1699 2436 1827 2490; x_wconf 85' lang='lat' dir='ltr'><strong>Anz.</strong></span> <span class='ocrx_word' id='word_1_178' title='bbox 1865 2434 1979 2491; x_wconf 87' lang='lat' dir='ltr'><strong>Cat.</strong></span> <span class='ocrx_word' id='word_1_179' title='bbox 2015 2453 2064 2507; x_wconf 89' lang='lat' dir='ltr'><strong>p.</strong></span> <span class='ocrx_word' id='word_1_180' title='bbox 2102 2435 2185 2490; x_wconf 85' lang='lat'><strong>65.</strong></span> 
     </span>
    </p>

    <p class='ocr_par' dir='ltr' id='par_1_10' title="bbox 312 2522 2500 2596">
     <span class='ocr_line' id='line_1_23' title="bbox 312 2522 2500 2596; baseline -0.002 -15"><span class='ocrx_word' id='word_1_181' title='bbox 312 2527 542 2581; x_wconf 70' lang='lat' dir='ltr'><strong>Lecidea</strong></span> <span class='ocrx_word' id='word_1_182' title='bbox 578 2529 1001 2596; x_wconf 72' lang='lat' dir='ltr'><strong>atrofuscescens</strong></span> <span class='ocrx_word' id='word_1_183' title='bbox 1035 2526 1157 2596; x_wconf 80' lang='lat' dir='ltr'><strong>Nyl.</strong></span> <span class='ocrx_word' id='word_1_184' title='bbox 1194 2526 1352 2580; x_wconf 86' lang='lat' dir='ltr'><strong>Flora</strong></span> <span class='ocrx_word' id='word_1_185' title='bbox 1390 2525 1529 2579; x_wconf 88' lang='grc'>1866</span> <span class='ocrx_word' id='word_1_186' title='bbox 1565 2542 1613 2596; x_wconf 93' lang='lat' dir='ltr'><strong>p.</strong></span> <span class='ocrx_word' id='word_1_187' title='bbox 1662 2525 1762 2578; x_wconf 86' lang='grc'><strong>371</strong></span> <span class='ocrx_word' id='word_1_188' title='bbox 1801 2522 1927 2593; x_wconf 87' lang='lat' dir='ltr'><strong>(fide</strong></span> <span class='ocrx_word' id='word_1_189' title='bbox 1963 2524 2087 2578; x_wconf 85' lang='lat' dir='ltr'><strong>Aru.</strong></span> <span class='ocrx_word' id='word_1_190' title='bbox 2126 2540 2228 2577; x_wconf 82' lang='lat' dir='ltr'><strong>exs.</strong></span> <span class='ocrx_word' id='word_1_191' title='bbox 2266 2539 2315 2576; x_wconf 89' lang='lat' dir='ltr'><strong>n.</strong></span> <span class='ocrx_word' id='word_1_192' title='bbox 2354 2522 2500 2586; x_wconf 80' lang='lat'><strong>557).</strong></span> 
     </span>
    </p>

    <p class='ocr_par' dir='ltr' id='par_1_11' title="bbox 177 2609 2502 2771">
     <span class='ocr_line' id='line_1_24' title="bbox 316 2609 2502 2684; baseline -0.002 -17"><span class='ocrx_word' id='word_1_193' title='bbox 316 2613 544 2667; x_wconf 75' lang='lat' dir='ltr'><strong>Lecidea</strong></span> <span class='ocrx_word' id='word_1_194' title='bbox 579 2615 940 2670; x_wconf 69' lang='lat' dir='ltr'><strong>ambrunnea</strong></span> <span class='ocrx_word' id='word_1_195' title='bbox 966 2614 1018 2683; x_wconf 81' lang='lat' dir='ltr'><strong>f.</strong></span> <span class='ocrx_word' id='word_1_196' title='bbox 1048 2614 1341 2684; x_wconf 73' lang='lat' dir='ltr'><strong>polyyom&#39;a</strong></span> <span class='ocrx_word' id='word_1_197' title='bbox 1376 2613 1501 2667; x_wconf 87' lang='lat' dir='ltr'><strong>Arn.</strong></span> <span class='ocrx_word' id='word_1_198' title='bbox 1539 2612 1697 2667; x_wconf 87' lang='lat' dir='ltr'><strong>Verh.</strong></span> <span class='ocrx_word' id='word_1_199' title='bbox 1735 2610 2000 2665; x_wconf 80' lang='lat' dir='ltr'><strong>zool.-bot.</strong></span> <span class='ocrx_word' id='word_1_200' title='bbox 2028 2610 2145 2664; x_wconf 67' lang='lat' dir='ltr'><strong>Ges</strong></span> <span class='ocrx_word' id='word_1_201' title='bbox 2182 2609 2335 2665; x_wconf 89' lang='lat' dir='ltr'><strong>Wien</strong></span> <span class='ocrx_word' id='word_1_202' title='bbox 2361 2610 2502 2663; x_wconf 85' lang='grc'>1870</span> 
     </span>
     <span class='ocr_line' id='line_1_25' title="bbox 177 2701 394 2771; baseline 0 -18"><span class='ocrx_word' id='word_1_203' title='bbox 177 2718 232 2771; x_wconf 87' lang='lat' dir='ltr'><strong>p.</strong></span> <span class='ocrx_word' id='word_1_204' title='bbox 273 2701 394 2754; x_wconf 87' lang='lat'><strong>530.</strong></span> 
     </span>
    </p>

    <p class='ocr_par' dir='ltr' id='par_1_12' title="bbox 320 2785 1226 2856">
     <span class='ocr_line' id='line_1_26' title="bbox 320 2785 1226 2856; baseline -0.003 -16"><span class='ocrx_word' id='word_1_205' title='bbox 320 2786 459 2840; x_wconf 66' lang='lat' dir='ltr'><strong>Fixa.</strong></span> <span class='ocrx_word' id='word_1_206' title='bbox 536 2787 659 2841; x_wconf 84' lang='lat' dir='ltr'><strong>Anz.</strong></span> <span class='ocrx_word' id='word_1_207' title='bbox 700 2785 931 2856; x_wconf 84' lang='lat' dir='ltr'><strong>Langob.</strong></span> <span class='ocrx_word' id='word_1_208' title='bbox 969 2785 1063 2849; x_wconf 84' lang='lat'><strong>85,</strong></span> <span class='ocrx_word' id='word_1_209' title='bbox 1104 2787 1226 2839; x_wconf 84' lang='lat'><strong>533.</strong></span> 
     </span>
    </p>
   </div>
   <div class='ocr_carea' id='block_1_6' title="bbox 176 2889 2502 3183">
    <p class='ocr_par' dir='ltr' id='par_1_13' title="bbox 176 2889 2502 3183">
     <span class='ocr_line' id='line_1_27' title="bbox 353 2889 2502 2976; baseline -0.001 -19"><span class='ocrx_word' id='word_1_210' title='bbox 353 2892 448 2957; x_wconf 89' lang='lat' dir='ltr'><strong>Ad</strong></span> <span class='ocrx_word' id='word_1_211' title='bbox 493 2911 676 2976; x_wconf 86' lang='lat' dir='ltr'><strong>rupes</strong></span> <span class='ocrx_word' id='word_1_212' title='bbox 722 2891 1138 2974; x_wconf 85' lang='lat' dir='ltr'><strong>granitoideas</strong></span> <span class='ocrx_word' id='word_1_213' title='bbox 1182 2889 1603 2956; x_wconf 81' lang='lat' dir='ltr'><strong>verisimiliter</strong></span> <span class='ocrx_word' id='word_1_214' title='bbox 1647 2890 1771 2955; x_wconf 87' lang='lat' dir='ltr'><strong>late</strong></span> <span class='ocrx_word' id='word_1_215' title='bbox 1830 2889 2194 2967; x_wconf 86' lang='lat' dir='ltr'><strong>distributa,</strong></span> <span class='ocrx_word' id='word_1_216' title='bbox 2242 2889 2348 2954; x_wconf 89' lang='lat' dir='ltr'><strong>sed</strong></span> <span class='ocrx_word' id='word_1_217' title='bbox 2392 2908 2502 2973; x_wconf 87' lang='lat' dir='ltr'><strong>pro</strong></span> 
     </span>
     <span class='ocr_line' id='line_1_28' title="bbox 178 2992 2502 3079; baseline -0.001 -18"><span class='ocrx_word' id='word_1_218' title='bbox 178 2997 379 3061; x_wconf 86' lang='lat' dir='ltr'><strong>forma</strong></span> <span class='ocrx_word' id='word_1_219' title='bbox 422 2995 876 3079; x_wconf 75' lang='lat' dir='ltr'><strong>L.suscoatrae</strong></span> <span class='ocrx_word' id='word_1_220' title='bbox 921 2993 1154 3059; x_wconf 85' lang='lat' dir='ltr'><strong>habita.</strong></span> <span class='ocrx_word' id='word_1_221' title='bbox 1231 2994 1301 3057; x_wconf 89' lang='lat' dir='ltr'><strong>In</strong></span> <span class='ocrx_word' id='word_1_222' title='bbox 1350 2992 1755 3059; x_wconf 85' lang='lat' dir='ltr'><strong>Scandiuavia</strong></span> <span class='ocrx_word' id='word_1_223' title='bbox 1798 2993 2022 3057; x_wconf 85' lang='lat' dir='ltr'><strong>lectam</strong></span> <span class='ocrx_word' id='word_1_224' title='bbox 2069 2994 2334 3058; x_wconf 85' lang='lat' dir='ltr'><strong>vidimus</strong></span> <span class='ocrx_word' id='word_1_225' title='bbox 2364 2996 2502 3058; x_wconf 89' lang='lat' dir='ltr'><strong>tan-</strong></span> 
     </span>
     <span class='ocr_line' id='line_1_29' title="bbox 176 3094 2498 3183; baseline -0.001 -20"><span class='ocrx_word' id='word_1_226' title='bbox 176 3102 313 3163; x_wconf 85' lang='lat' dir='ltr'><strong>tum</strong></span> <span class='ocrx_word' id='word_1_227' title='bbox 360 3098 421 3161; x_wconf 91' lang='lat' dir='ltr'><strong>in</strong></span> <span class='ocrx_word' id='word_1_228' title='bbox 470 3097 728 3163; x_wconf 66' lang='lat' dir='ltr'><strong>Suesia:</strong></span> <span class='ocrx_word' id='word_1_229' title='bbox 784 3097 1031 3182; x_wconf 83' lang='lat' dir='ltr'><strong>Femsj6</strong></span> <span class='ocrx_word' id='word_1_230' title='bbox 1081 3095 1484 3174; x_wconf 83' lang='lat' dir='ltr'><strong>Smolandiae,</strong></span> <span class='ocrx_word' id='word_1_231' title='bbox 1531 3095 1884 3160; x_wconf 83' lang='lat' dir='ltr'><strong>Marstrand</strong></span> <span class='ocrx_word' id='word_1_232' title='bbox 1945 3095 2230 3161; x_wconf 86' lang='lat' dir='ltr'><strong>Bahusiae</strong></span> <span class='ocrx_word' id='word_1_233' title='bbox 2270 3097 2373 3183; x_wconf 84' lang='lat' dir='ltr'><strong>(O.</strong></span> <span class='ocrx_word' id='word_1_234' title='bbox 2424 3094 2498 3162; x_wconf 88' lang='lat' dir='ltr'><strong>G.</strong></span> 
     </span>
    </p>
   </div>
   <div class='ocr_carea' id='block_1_7' title="bbox 178 3197 2503 3284">
    <p class='ocr_par' dir='ltr' id='par_1_14' title="bbox 178 3197 2503 3284">
     <span class='ocr_line' id='line_1_30' title="bbox 178 3197 2503 3284; baseline -0.002 -17"><span class='ocrx_word' id='word_1_235' title='bbox 178 3200 579 3284; x_wconf 87' lang='lat' dir='ltr'><strong>Blomberg),</strong></span> <span class='ocrx_word' id='word_1_236' title='bbox 623 3201 941 3265; x_wconf 85' lang='lat' dir='ltr'><strong>Danviken</strong></span> <span class='ocrx_word' id='word_1_237' title='bbox 988 3220 1080 3283; x_wconf 90' lang='lat' dir='ltr'><strong>pr.</strong></span> <span class='ocrx_word' id='word_1_238' title='bbox 1129 3197 1484 3263; x_wconf 88' lang='lat' dir='ltr'><strong>Stockholm</strong></span> <span class='ocrx_word' id='word_1_239' title='bbox 1522 3197 1617 3284; x_wconf 87' lang='lat' dir='ltr'><strong>(S.</strong></span> <span class='ocrx_word' id='word_1_240' title='bbox 1665 3197 2059 3281; x_wconf 85' lang='lat' dir='ltr'><strong>Henschen);</strong></span> <span class='ocrx_word' id='word_1_241' title='bbox 2106 3199 2169 3263; x_wconf 90' lang='lat' dir='ltr'><strong>in</strong></span> <span class='ocrx_word' id='word_1_242' title='bbox 2216 3200 2503 3265; x_wconf 71' lang='lat' dir='ltr'><strong>Fannia:</strong></span> 
     </span>
    </p>
   </div>
   <div class='ocr_carea' id='block_1_8' title="bbox 178 3299 2501 3387">
    <p class='ocr_par' dir='ltr' id='par_1_15' title="bbox 178 3299 2501 3387">
     <span class='ocr_line' id='line_1_31' title="bbox 178 3299 2501 3387; baseline -0.001 -18"><span class='ocrx_word' id='word_1_243' title='bbox 178 3303 558 3370; x_wconf 86' lang='lat' dir='ltr'><strong>Merimasku</strong></span> <span class='ocrx_word' id='word_1_244' title='bbox 605 3303 874 3387; x_wconf 86' lang='lat' dir='ltr'><strong>regionis</strong></span> <span class='ocrx_word' id='word_1_245' title='bbox 918 3301 1218 3367; x_wconf 72' lang='lat' dir='ltr'><strong>Aboensis</strong></span> <span class='ocrx_word' id='word_1_246' title='bbox 1263 3302 1364 3386; x_wconf 91' lang='lat' dir='ltr'><strong>(P.</strong></span> <span class='ocrx_word' id='word_1_247' title='bbox 1414 3305 1486 3366; x_wconf 82' lang='lat' dir='ltr'><strong>A.</strong></span> <span class='ocrx_word' id='word_1_248' title='bbox 1528 3302 1833 3378; x_wconf 82' lang='lat' dir='ltr'><strong>Karsten,</strong></span> <span class='ocrx_word' id='word_1_249' title='bbox 1880 3320 1917 3366; x_wconf 90' lang='lat' dir='ltr'><strong>a</strong></span> <span class='ocrx_word' id='word_1_250' title='bbox 1945 3299 2090 3385; x_wconf 83' lang='lat' dir='ltr'><strong>Nyl.</strong></span> <span class='ocrx_word' id='word_1_251' title='bbox 2124 3301 2501 3367; x_wconf 79' lang='lat' dir='ltr'><strong>nominatam</strong></span> 
     </span>
    </p>
   </div>
   <div class='ocr_carea' id='block_1_9' title="bbox 179 3404 1222 3488">
    <p class='ocr_par' dir='ltr' id='par_1_16' title="bbox 179 3404 1222 3488">
     <span class='ocr_line' id='line_1_32' title="bbox 179 3404 1222 3488; baseline -0.003 -18"><span class='ocrx_word' id='word_1_252' title='bbox 179 3406 361 3470; x_wconf 68' lang='lat' dir='ltr'><strong>”Lea</strong></span> <span class='ocrx_word' id='word_1_253' title='bbox 392 3405 741 3488; x_wconf 78' lang='lat' dir='ltr'><strong>fuscoatra</strong></span> <span class='ocrx_word' id='word_1_254' title='bbox 774 3405 834 3488; x_wconf 89' lang='lat' dir='ltr'><strong>f.</strong></span> <span class='ocrx_word' id='word_1_255' title='bbox 860 3404 1222 3488; x_wconf 81' lang='lat' dir='ltr'><strong>sumosa”).</strong></span> 
     </span>
    </p>
   </div>
   <div class='ocr_carea' id='block_1_10' title="bbox 177 3503 2505 4620">
    <p class='ocr_par' dir='ltr' id='par_1_17' title="bbox 177 3503 2504 3750">
     <span class='ocr_line' id='line_1_33' title="bbox 319 3503 2503 3574; baseline 0 -15"><span class='ocrx_word' id='word_1_256' title='bbox 319 3507 549 3562; x_wconf 77' lang='lat' dir='ltr'><strong>Habitus</strong></span> <span class='ocrx_word' id='word_1_257' title='bbox 585 3506 693 3561; x_wconf 87' lang='lat' dir='ltr'><strong>fere</strong></span> <span class='ocrx_word' id='word_1_258' title='bbox 728 3505 965 3560; x_wconf 78' lang='lat' dir='ltr'><strong>Lecideoe</strong></span> <span class='ocrx_word' id='word_1_259' title='bbox 992 3506 1317 3574; x_wconf 75' lang='lat' dir='ltr'><strong>suscoatrae,</strong></span> <span class='ocrx_word' id='word_1_260' title='bbox 1354 3504 1501 3573; x_wconf 85' lang='lat' dir='ltr'><strong>cujus</strong></span> <span class='ocrx_word' id='word_1_261' title='bbox 1535 3503 1704 3558; x_wconf 86' lang='lat' dir='ltr'><strong>forma</strong></span> <span class='ocrx_word' id='word_1_262' title='bbox 1740 3522 1772 3559; x_wconf 91' lang='lat' dir='ltr'><strong>a</strong></span> <span class='ocrx_word' id='word_1_263' title='bbox 1807 3504 2049 3574; x_wconf 88' lang='lat' dir='ltr'><strong>plurimis</strong></span> <span class='ocrx_word' id='word_1_264' title='bbox 2084 3504 2384 3560; x_wconf 84' lang='lat' dir='ltr'><strong>auctoribus</strong></span> <span class='ocrx_word' id='word_1_265' title='bbox 2420 3508 2503 3560; x_wconf 82' lang='lat' dir='ltr'><strong>est</strong></span> 
     </span>
     <span class='ocr_line' id='line_1_34' title="bbox 178 3591 2503 3663; baseline -0.002 -15"><span class='ocrx_word' id='word_1_266' title='bbox 178 3593 392 3658; x_wconf 78' lang='lat' dir='ltr'><strong>habita3</strong></span> <span class='ocrx_word' id='word_1_267' title='bbox 440 3596 577 3648; x_wconf 81' lang='lat' dir='ltr'><strong>notae</strong></span> <span class='ocrx_word' id='word_1_268' title='bbox 613 3593 852 3663; x_wconf 81' lang='lat' dir='ltr'><strong>optimae,</strong></span> <span class='ocrx_word' id='word_1_269' title='bbox 902 3592 1089 3661; x_wconf 86' lang='lat' dir='ltr'><strong>quibus</strong></span> <span class='ocrx_word' id='word_1_270' title='bbox 1134 3591 1524 3662; x_wconf 85' lang='lat' dir='ltr'><strong>distinguatur,</strong></span> <span class='ocrx_word' id='word_1_271' title='bbox 1568 3595 1746 3647; x_wconf 69' lang='lat' dir='ltr'><strong>tamen</strong></span> <span class='ocrx_word' id='word_1_272' title='bbox 1783 3609 1886 3646; x_wconf 90' lang='lat' dir='ltr'><strong>non</strong></span> <span class='ocrx_word' id='word_1_273' title='bbox 1922 3592 2124 3647; x_wconf 84' lang='lat' dir='ltr'><strong>desunt.</strong></span> <span class='ocrx_word' id='word_1_274' title='bbox 2196 3591 2372 3644; x_wconf 83' lang='lat' dir='ltr'><strong>Etiam</strong></span> <span class='ocrx_word' id='word_1_275' title='bbox 2409 3607 2503 3661; x_wconf 90' lang='lat' dir='ltr'><strong>pro</strong></span> 
     </span>
     <span class='ocr_line' id='line_1_35' title="bbox 177 3676 2504 3750; baseline -0.002 -14"><span class='ocrx_word' id='word_1_276' title='bbox 177 3681 462 3736; x_wconf 72' lang='lat' dir='ltr'><strong>Levanora</strong></span> <span class='ocrx_word' id='word_1_277' title='bbox 496 3680 811 3750; x_wconf 74' lang='lat' dir='ltr'><strong>(Aspicilia)</strong></span> <span class='ocrx_word' id='word_1_278' title='bbox 859 3678 1013 3733; x_wconf 79' lang='lat' dir='ltr'><strong>facile</strong></span> <span class='ocrx_word' id='word_1_279' title='bbox 1058 3679 1307 3742; x_wconf 84' lang='lat' dir='ltr'><strong>sumitur,</strong></span> <span class='ocrx_word' id='word_1_280' title='bbox 1359 3680 1451 3734; x_wconf 87' lang='lat' dir='ltr'><strong>sed</strong></span> <span class='ocrx_word' id='word_1_281' title='bbox 1497 3679 1727 3748; x_wconf 84' lang='lat' dir='ltr'><strong>analysis</strong></span> <span class='ocrx_word' id='word_1_282' title='bbox 1762 3681 2003 3733; x_wconf 88' lang='lat' dir='ltr'><strong>naturam</strong></span> <span class='ocrx_word' id='word_1_283' title='bbox 2040 3676 2348 3732; x_wconf 83' lang='lat' dir='ltr'><strong>lecideinam</strong></span> <span class='ocrx_word' id='word_1_284' title='bbox 2387 3694 2504 3731; x_wconf 86' lang='lat' dir='ltr'><strong>rnox</strong></span> 
     </span>
    </p>

    <p class='ocr_par' dir='ltr' id='par_1_18' title="bbox 177 3752 2505 4620">
     <span class='ocr_line' id='line_1_36' title="bbox 178 3752 2504 3849; baseline -0.002 -25.872"><span class='ocrx_word' id='word_1_285' title='bbox 178 3772 456 3823; x_wconf 85' lang='lat' dir='ltr'><strong>m.onstrat</strong></span> <span class='ocrx_word' id='word_1_286' title='bbox 495 3797 561 3807; x_wconf 89' lang='lat'>—</span> <span class='ocrx_word' id='word_1_287' title='bbox 599 3765 951 3849; x_wconf 79' lang='lat' dir='ltr'><strong>Hypothallus</strong></span> <span class='ocrx_word' id='word_1_288' title='bbox 987 3764 1343 3822; x_wconf 84' lang='lat' dir='ltr'><strong>indistinctus.</strong></span> <span class='ocrx_word' id='word_1_289' title='bbox 1416 3765 1609 3821; x_wconf 86' lang='lat' dir='ltr'><strong>Crusta</strong></span> <span class='ocrx_word' id='word_1_290' title='bbox 1642 3752 1692 3820; x_wconf 96' lang='grc' dir='ltr'><strong><em>Κ</em></strong></span> <span class='ocrx_word' id='word_1_291' title='bbox 1728 3770 1878 3821; x_wconf 83' lang='lat' dir='ltr'><strong>extus</strong></span> <span class='ocrx_word' id='word_1_292' title='bbox 1914 3781 2020 3820; x_wconf 90' lang='lat' dir='ltr'><strong>non</strong></span> <span class='ocrx_word' id='word_1_293' title='bbox 2053 3768 2321 3827; x_wconf 79' lang='lat' dir='ltr'><strong>mutatur,</strong></span> <span class='ocrx_word' id='word_1_294' title='bbox 2358 3765 2504 3819; x_wconf 83' lang='lat' dir='ltr'><strong>intus</strong></span> 
     </span>
     <span class='ocr_line' id='line_1_37' title="bbox 179 3840 2500 3923; baseline -0.003 -13"><span class='ocrx_word' id='word_1_295' title='bbox 179 3858 371 3911; x_wconf 83' lang='lat' dir='ltr'><strong>leviter</strong></span> <span class='ocrx_word' id='word_1_296' title='bbox 406 3856 646 3917; x_wconf 75' lang='lat' dir='ltr'><strong>latescit,</strong></span> <span class='ocrx_word' id='word_1_297' title='bbox 687 3851 762 3907; x_wconf 83' lang='lat' dir='ltr'><strong>Ca</strong></span> <span class='ocrx_word' id='word_1_298' title='bbox 781 3840 843 3906; x_wconf 84' lang='lat' dir='ltr'><strong>Cl</strong></span> <span class='ocrx_word' id='word_1_299' title='bbox 879 3870 982 3908; x_wconf 91' lang='lat' dir='ltr'><strong>non</strong></span> <span class='ocrx_word' id='word_1_300' title='bbox 1018 3854 1294 3909; x_wconf 85' lang='lat' dir='ltr'><strong>coloratur.</strong></span> <span class='ocrx_word' id='word_1_301' title='bbox 1369 3853 1569 3923; x_wconf 84' lang='lat' dir='ltr'><strong>Hyphae</strong></span> <span class='ocrx_word' id='word_1_302' title='bbox 1608 3852 1733 3921; x_wconf 90' lang='lat' dir='ltr'><strong>jodo</strong></span> <span class='ocrx_word' id='word_1_303' title='bbox 1778 3853 2134 3908; x_wconf 80' lang='lat' dir='ltr'><strong>coerulescunt.</strong></span> <span class='ocrx_word' id='word_1_304' title='bbox 2207 3851 2500 3921; x_wconf 85' lang='lat' dir='ltr'><strong>Apothecia</strong></span> 
     </span>
     <span class='ocr_line' id='line_1_38' title="bbox 177 3937 2499 4011; baseline -0.003 -12"><span class='ocrx_word' id='word_1_305' title='bbox 177 3948 232 4007; x_wconf 91' lang='grc'><strong>0,</strong></span> <span class='ocrx_word' id='word_1_306' title='bbox 240 3946 390 4004; x_wconf 84' lang='grc'>8-1,</span> <span class='ocrx_word' id='word_1_307' title='bbox 398 3952 426 3993; x_wconf 83' lang='lat'>2</span> <span class='ocrx_word' id='word_1_308' title='bbox 467 3958 588 3996; x_wconf 90' lang='lat' dir='ltr'><strong>mm.</strong></span> <span class='ocrx_word' id='word_1_309' title='bbox 626 3941 760 4002; x_wconf 85' lang='lat' dir='ltr'><strong>lata,</strong></span> <span class='ocrx_word' id='word_1_310' title='bbox 800 3956 935 4010; x_wconf 82' lang='lat' dir='ltr'><strong>saepe</strong></span> <span class='ocrx_word' id='word_1_311' title='bbox 972 3940 1251 4011; x_wconf 88' lang='lat' dir='ltr'><strong>angulosa;</strong></span> <span class='ocrx_word' id='word_1_312' title='bbox 1290 3939 1465 3994; x_wconf 86' lang='lat' dir='ltr'><strong>discus</strong></span> <span class='ocrx_word' id='word_1_313' title='bbox 1500 3956 1693 4009; x_wconf 87' lang='lat' dir='ltr'><strong>opacus</strong></span> <span class='ocrx_word' id='word_1_314' title='bbox 1718 3940 1802 3994; x_wconf 81' lang='lat' dir='ltr'><strong>vel</strong></span> <span class='ocrx_word' id='word_1_315' title='bbox 1826 3940 2107 3995; x_wconf 86' lang='lat' dir='ltr'><strong>scabridus</strong></span> <span class='ocrx_word' id='word_1_316' title='bbox 2160 3938 2290 3993; x_wconf 88' lang='lat' dir='ltr'><strong>Pars</strong></span> <span class='ocrx_word' id='word_1_317' title='bbox 2314 3937 2499 3991; x_wconf 81' lang='lat' dir='ltr'><strong>areolae</strong></span> 
     </span>
     <span class='ocr_line' id='line_1_39' title="bbox 178 4024 2505 4101; baseline -0.003 -16"><span class='ocrx_word' id='word_1_318' title='bbox 178 4030 515 4101; x_wconf 89' lang='lat' dir='ltr'><strong>apothecium</strong></span> <span class='ocrx_word' id='word_1_319' title='bbox 554 4028 769 4097; x_wconf 88' lang='lat' dir='ltr'><strong>cingens</strong></span> <span class='ocrx_word' id='word_1_320' title='bbox 804 4028 960 4096; x_wconf 80' lang='lat' dir='ltr'><strong>vulgo</strong></span> <span class='ocrx_word' id='word_1_321' title='bbox 997 4027 1229 4097; x_wconf 87' lang='lat' dir='ltr'><strong>paullum</strong></span> <span class='ocrx_word' id='word_1_322' title='bbox 1266 4027 1496 4088; x_wconf 85' lang='lat' dir='ltr'><strong>elevata,</strong></span> <span class='ocrx_word' id='word_1_323' title='bbox 1534 4043 1671 4095; x_wconf 80' lang='lat' dir='ltr'><strong>saepe</strong></span> <span class='ocrx_word' id='word_1_324' title='bbox 1708 4027 1965 4097; x_wconf 86' lang='lat' dir='ltr'><strong>pallidior.</strong></span> <span class='ocrx_word' id='word_1_325' title='bbox 2039 4024 2346 4096; x_wconf 83' lang='lat' dir='ltr'><strong>Excipulum</strong></span> <span class='ocrx_word' id='word_1_326' title='bbox 2385 4024 2505 4094; x_wconf 83' lang='lat' dir='ltr'><strong>plus</strong></span> 
     </span>
     <span class='ocr_line' id='line_1_40' title="bbox 177 4112 2504 4183; baseline -0.003 -13"><span class='ocrx_word' id='word_1_327' title='bbox 177 4118 354 4170; x_wconf 85' lang='lat' dir='ltr'><strong>minus</strong></span> <span class='ocrx_word' id='word_1_328' title='bbox 406 4117 700 4181; x_wconf 86' lang='lat' dir='ltr'><strong>evolutum,</strong></span> <span class='ocrx_word' id='word_1_329' title='bbox 754 4113 1033 4183; x_wconf 84' lang='lat' dir='ltr'><strong>nigricans.</strong></span> <span class='ocrx_word' id='word_1_330' title='bbox 1116 4113 1443 4182; x_wconf 82' lang='lat' dir='ltr'><strong>Paraphyses</strong></span> <span class='ocrx_word' id='word_1_331' title='bbox 1498 4114 1702 4182; x_wconf 86' lang='lat' dir='ltr'><strong>apicem</strong></span> <span class='ocrx_word' id='word_1_332' title='bbox 1754 4131 1932 4169; x_wconf 83' lang='lat' dir='ltr'><strong>versus</strong></span> <span class='ocrx_word' id='word_1_333' title='bbox 1968 4112 2407 4181; x_wconf 81' lang='lat' dir='ltr'><strong>fusco-fuligineae</strong></span> <span class='ocrx_word' id='word_1_334' title='bbox 2454 4128 2504 4164; x_wconf 81' lang='lat' dir='ltr'><strong>v.</strong></span> 
     </span>
     <span class='ocr_line' id='line_1_41' title="bbox 179 4197 2502 4273; baseline -0.001 -16"><span class='ocrx_word' id='word_1_335' title='bbox 179 4203 463 4273; x_wconf 70' lang='lat' dir='ltr'><strong>fuliginem.</strong></span> <span class='ocrx_word' id='word_1_336' title='bbox 534 4201 659 4256; x_wconf 88' lang='lat' dir='ltr'><strong>Asci</strong></span> <span class='ocrx_word' id='word_1_337' title='bbox 713 4201 1141 4269; x_wconf 78' lang='lat' dir='ltr'><strong>inflato-clavati.</strong></span> <span class='ocrx_word' id='word_1_338' title='bbox 1215 4199 1388 4268; x_wconf 79' lang='lat' dir='ltr'><strong>Sporae</strong></span> <span class='ocrx_word' id='word_1_339' title='bbox 1442 4198 1674 4254; x_wconf 75' lang='lat' dir='ltr'><strong>breviter</strong></span> <span class='ocrx_word' id='word_1_340' title='bbox 1722 4217 1767 4254; x_wconf 85' lang='lat' dir='ltr'><strong>v.</strong></span> <span class='ocrx_word' id='word_1_341' title='bbox 1825 4201 2032 4271; x_wconf 84' lang='lat' dir='ltr'><strong>longius</strong></span> <span class='ocrx_word' id='word_1_342' title='bbox 2089 4197 2405 4268; x_wconf 76' lang='lat' dir='ltr'><strong>ellipsoideae</strong></span> <span class='ocrx_word' id='word_1_343' title='bbox 2453 4215 2502 4254; x_wconf 82' lang='lat' dir='ltr'><strong>v.</strong></span> 
     </span>
     <span class='ocr_line' id='line_1_42' title="bbox 179 4283 2504 4357; baseline -0.001 -13"><span class='ocrx_word' id='word_1_344' title='bbox 179 4289 437 4351; x_wconf 81' lang='lat' dir='ltr'><strong>ovoideae,</strong></span> <span class='ocrx_word' id='word_1_345' title='bbox 474 4290 765 4351; x_wconf 83' lang='lat' dir='ltr'><strong>0,015—2l</strong></span> <span class='ocrx_word' id='word_1_346' title='bbox 809 4303 930 4341; x_wconf 87' lang='lat' dir='ltr'><strong>mm.</strong></span> <span class='ocrx_word' id='word_1_347' title='bbox 971 4287 1139 4357; x_wconf 82' lang='lat' dir='ltr'><strong>longae</strong></span> <span class='ocrx_word' id='word_1_348' title='bbox 1176 4290 1232 4341; x_wconf 86' lang='lat' dir='ltr'><strong>et</strong></span> <span class='ocrx_word' id='word_1_349' title='bbox 1263 4286 1479 4345; x_wconf 83' lang='grc'>0.009-</span> <span class='ocrx_word' id='word_1_350' title='bbox 1503 4294 1555 4337; x_wconf 80' lang='lat'><strong>11</strong></span> <span class='ocrx_word' id='word_1_351' title='bbox 1603 4304 1723 4341; x_wconf 89' lang='lat' dir='ltr'><strong>mm.</strong></span> <span class='ocrx_word' id='word_1_352' title='bbox 1763 4303 1962 4342; x_wconf 64' lang='lat' dir='ltr'><strong>crassae.</strong></span> <span class='ocrx_word' id='word_1_353' title='bbox 2019 4284 2153 4341; x_wconf 87' lang='lat' dir='ltr'><strong>Jodo</strong></span> <span class='ocrx_word' id='word_1_354' title='bbox 2178 4283 2504 4355; x_wconf 76' lang='lat' dir='ltr'><strong>praecedente</strong></span> 
     </span>
     <span class='ocr_line' id='line_1_43' title="bbox 182 4362 2504 4444; baseline -0.003 -13"><span class='ocrx_word' id='word_1_355' title='bbox 182 4375 574 4431; x_wconf 82' lang='lat' dir='ltr'><strong>caerulescentia</strong></span> <span class='ocrx_word' id='word_1_356' title='bbox 618 4376 797 4429; x_wconf 78' lang='lat' dir='ltr'><strong>vinose</strong></span> <span class='ocrx_word' id='word_1_357' title='bbox 835 4373 1014 4439; x_wconf 89' lang='lat' dir='ltr'><strong>rubet-;</strong></span> <span class='ocrx_word' id='word_1_358' title='bbox 1054 4362 1104 4428; x_wconf 94' lang='grc' dir='ltr'><strong><em>Κ</em></strong></span> <span class='ocrx_word' id='word_1_359' title='bbox 1141 4372 1310 4428; x_wconf 90' lang='lat' dir='ltr'><strong>colore</strong></span> <span class='ocrx_word' id='word_1_360' title='bbox 1347 4389 1448 4426; x_wconf 92' lang='lat' dir='ltr'><strong>non</strong></span> <span class='ocrx_word' id='word_1_361' title='bbox 1485 4377 1744 4435; x_wconf 66' lang='lat' dir='ltr'><strong>mutatam</strong></span> <span class='ocrx_word' id='word_1_362' title='bbox 1780 4372 1901 4444; x_wconf 75' lang='lat' dir='ltr'><strong>No,</strong></span> <span class='ocrx_word' id='word_1_363' title='bbox 1939 4372 2290 4443; x_wconf 76' lang='lat' dir='ltr'><strong>pamphysum</strong></span> <span class='ocrx_word' id='word_1_364' title='bbox 2328 4375 2504 4442; x_wconf 84' lang='lat' dir='ltr'><strong>partes</strong></span> 
     </span>
     <span class='ocr_line' id='line_1_44' title="bbox 182 4458 2502 4534; baseline -0.002 -16"><span class='ocrx_word' id='word_1_365' title='bbox 182 4463 428 4518; x_wconf 82' lang='lat' dir='ltr'><strong>coloratae</strong></span> <span class='ocrx_word' id='word_1_366' title='bbox 484 4463 878 4534; x_wconf 82' lang='lat' dir='ltr'><strong>excipulumque</strong></span> <span class='ocrx_word' id='word_1_367' title='bbox 925 4460 1130 4516; x_wconf 89' lang='lat' dir='ltr'><strong>sordide</strong></span> <span class='ocrx_word' id='word_1_368' title='bbox 1179 4458 1662 4514; x_wconf 79' lang='lat' dir='ltr'><strong>roseo-violsscunt.</strong></span> <span class='ocrx_word' id='word_1_369' title='bbox 1735 4458 2029 4528; x_wconf 83' lang='lat' dir='ltr'><strong>Spermatia</strong></span> <span class='ocrx_word' id='word_1_370' title='bbox 2065 4459 2296 4513; x_wconf 80' lang='lat' dir='ltr'><strong>breviter</strong></span> <span class='ocrx_word' id='word_1_371' title='bbox 2330 4460 2502 4516; x_wconf 78' lang='lat' dir='ltr'><strong>acicu-</strong></span> 
     </span>
     <span class='ocr_line' id='line_1_45' title="bbox 181 4544 2283 4620; baseline -0.003 -14"><span class='ocrx_word' id='word_1_372' title='bbox 181 4551 341 4612; x_wconf 82' lang='lat' dir='ltr'><strong>laria,</strong></span> <span class='ocrx_word' id='word_1_373' title='bbox 380 4552 524 4604; x_wconf 85' lang='lat' dir='ltr'><strong>recta</strong></span> <span class='ocrx_word' id='word_1_374' title='bbox 560 4550 643 4604; x_wconf 81' lang='lat' dir='ltr'><strong>vel</strong></span> <span class='ocrx_word' id='word_1_375' title='bbox 681 4548 944 4603; x_wconf 83' lang='lat' dir='ltr'><strong>levissime</strong></span> <span class='ocrx_word' id='word_1_376' title='bbox 981 4551 1218 4612; x_wconf 79' lang='lat' dir='ltr'><strong>curvata,</strong></span> <span class='ocrx_word' id='word_1_377' title='bbox 1255 4547 1575 4616; x_wconf 78' lang='lat' dir='ltr'><strong>gracillima,</strong></span> <span class='ocrx_word' id='word_1_378' title='bbox 1615 4547 1909 4612; x_wconf 85' lang='grc'>0,010-16</span> <span class='ocrx_word' id='word_1_379' title='bbox 1947 4561 2072 4603; x_wconf 85' lang='lat' dir='ltr'><strong>mm.</strong></span> <span class='ocrx_word' id='word_1_380' title='bbox 2110 4544 2283 4620; x_wconf 81' lang='lat' dir='ltr'><strong>longa.</strong></span> 
     </span>
    </p>
   </div>
  </div>
 </body>
</html>
