3177 5011
1719 324 1847 390 300

781 468 919 540 Syn.
991 471 1364 545 Icnmdopma
1407 476 1557 533 Treir.
1606 478 1660 533 in
1707 479 1868 534 Mass.
1903 478 2056 534 Rich.
2093 480 2280 550 (1852)
2315 498 2364 551 p.
2403 481 2499 540 26,
2538 476 2698 533 Korb.
2734 478 2880 549 Syst.
2917 495 2968 549 p.

643 557 771 622 151,
811 559 906 614 Th.
944 560 1034 616 Fr.
1072 561 1200 617 Gen.
1236 563 1469 618 Heterol.
1507 583 1558 636 p.
1597 565 1680 617 68.

780 665 1011 734 Descript.
1094 668 1320 723 Thallus·
1360 669 1584 734 effusae,
1640 670 1905 726 substrato
1957 678 2099 728 arcte
2154 673 2393 727 adnatus.
2483 671 2707 726 Gonidia
2758 670 2968 741 (vulgo)

641 748 920 805 admodum
969 770 1131 824 parva
1180 756 1395 825 viridia,
1441 758 1744 813 membrana
1787 763 1934 816 tenui
1978 764 2063 816 vix
2107 761 2388 815 manifesta
2424 760 2619 823 cincta,
2657 758 2971 829 ellipsoidea

641 852 688 888 v.
726 836 1319 912 fusiformi-ellipsoidea
1353 844 1410 909 (i.
1448 861 1494 898 e.
1533 845 1930 916 leptogonidia).
2004 847 2111 904 Cfr.
2149 848 2297 902 infra.

780 926 1072 996 Apothecia
1105 930 1401 986 lecanorina
1437 934 1521 987 vel
1555 933 1767 989 demum
1802 936 1985 991 habitu
2022 936 2308 1000 biatorirm,
2347 934 2540 990 mollia.
2602 934 2786 1003 Margo
2823 933 2968 987 thal-

640 1009 785 1066 lodes
828 1015 1044 1082 gonidia
1086 1016 1246 1073 fovet.
1323 1019 1709 1091 Hypothecium
1756 1024 2125 1088 incoloratum‚
2174 1022 2388 1093 duplex:
2434 1021 2671 1092 superius
2717 1025 2801 1074 sat
2836 1020 2967 1074 den-

640 1114 783 1162 sum.
830 1101 1049 1157 inferius
1097 1121 1125 1159 e
1170 1104 1454 1161 filameutis
1499 1107 1630 1162 laxis
1673 1111 2182 1165 anastomosantibus
2229 1114 2547 1165 contextum.
2631 1107 2967 1179 Paraphyses

641 1185 863 1253 graciles
884 1228 896 1251 ‚
952 1190 1066 1245 laxe
1112 1192 1452 1256 cohaerentes.
1500 1198 1647 1266 apice
1692 1198 1978 1253 fuscidulae.
2056 1198 2229 1269 Sporae
2274 1201 2497 1258 octonae,
2545 1195 2962 1250 subfusiformes.

639 1271 774 1327 Jodo
810 1274 1112 1343 hymenium
1146 1279 1339 1336 leviter
1373 1283 1681 1339 caerulescit.

778 1358 1157 1433 Spemoyom'a
1192 1367 1246 1420 in
1279 1370 1514 1437 granulis
1550 1370 1707 1424 thalli
1742 1370 1965 1433 inclusa,
2004 1371 2371 1442 conceptaculo
2396 1369 2646 1432 incolore‚
2674 1367 2963 1431 rarissima,

642 1463 675 1501 a
710 1447 861 1502 nobis
895 1467 1000 1505 non
1036 1454 1267 1509 inventa.

784 1553 897 1608 obs.
968 1554 1138 1612 Locus
1182 1561 1554 1629 systematicua
1598 1561 1815 1630 plantas,
1864 1579 1977 1633 quae
2022 1564 2134 1617 sola
2176 1563 2277 1619 hoc
2319 1580 2485 1635 genus
2532 1559 2838 1622 constituit,
2888 1560 2974 1611 sat

641 1636 831 1693 dubius
867 1641 1088 1698 videtur.
1159 1646 1358 1718 Negari
1395 1666 1497 1703 non
1531 1653 1736 1719 potest.
1778 1649 1925 1704 illam
1961 1668 2080 1705 cum
2117 1652 2308 1707 ceteris
2343 1648 2726 1704 Lamon-acab
2760 1645 2967 1716 perexi-

640 1743 798 1795 guam
834 1730 1062 1799 praebere
1097 1733 1438 1800 affinitatem3
1476 1735 1749 1792 fatendum
1785 1755 1988 1808 quoque
2023 1743 2131 1801 est,
2170 1740 2330 1795 variis
2365 1735 2654 1793 rationibus
2678 1734 2762 1789 illi
2797 1732 2972 1788 inesse

642 1829 759 1869 cum
804 1817 1123 1890 Bceomyoenh
1167 1822 1584 1877 similitudinem.
1657 1824 1702 1878 Ε
1750 1825 2139 1880 characteribus
2174 1829 2352 1881 tamen
2389 1825 2487 1880 hoc
2525 1823 2639 1878 loco
2672 1822 2853 1892 potius
2889 1822 2973 1874 est

640 1901 929 1968 afferenda,
979 1923 1072 1961 nec
1117 1908 1437 1964 sufficientes
1483 1910 1633 1964 uobis
1677 1912 1923 1967 videntur
1968 1917 2127 1971 notae.
2173 1930 2286 1983 quae
2331 1911 2478 1966 illam
2524 1909 2591 1964 ad
2638 1910 2972 1977 Baeomyoeoe

642 1988 927 2045 traherent.
1001 1992 1124 2059 Qum
1169 1997 1426 2068 praecipue
1471 2002 1619 2053 sunt:
1654 1998 2047 2068 apotheciorum
2084 1999 2425 2053 consistentia
2460 2013 2701 2063 carnosa,
2738 2010 2969 2065 spermo-

642 2077 822 2143 genia,
869 2079 1096 2148 gonidia„
1139 2114 1199 2123 -
1238 2084 1385 2137 Inter
1427 2085 1524 2138 has
1570 2085 1739 2155 prima
1783 2085 1890 2140 fere
1937 2085 2132 2140 nullius
2178 2084 2388 2139 videtur
2424 2082 2707 2146 momenti·,
2748 2079 2971 2135 eandem

641 2160 708 2216 ob
743 2180 980 2220 caussam
1019 2169 1407 2224 Haematomma
1438 2171 1697 2232 elatinum
1734 2175 1874 2225 esset
1897 2189 1926 2226 e
1963 2172 2345 2226 Lecanoraceas
2378 2168 2775 2224 excludendum.
2849 2169 2974 2221 Ste-

643 2250 870 2319 rigmata
925 2255 1364 2310 multiarticulata
1416 2256 1555 2328 apud
1609 2258 1740 2312 alios
1793 2259 2188 2313 Loeanoraaeoe
2239 2260 2316 2327 (v.
2376 2275 2420 2312 c.
2475 2258 2825 2326 Caloplacae)
2868 2271 2973 2308 non

641 2334 854 2403 desunt;
911 2344 1311 2412 spermatiorum
1365 2344 1532 2399 forma
1586 2347 1641 2400 in
1695 2363 1797 2400 uno
1850 2345 2136 2415 eodemque
2189 2361 2377 2415 genere
2423 2343 2563 2398 haud
2610 2359 2726 2397 raro
2782 2342 2972 2395 variat.

642 2423 739 2478 His
781 2426 949 2497 igitur
992 2430 1201 2499 organis
1247 2430 1408 2486 nimia
1453 2431 1582 2486 fides
1628 2449 1730 2485 non
1777 2436 1857 2487 est
1895 2431 2186 2486 tribuenda.
2262 2432 2487 2485 Restant
2522 2429 2761 2500 gonidia‚
2803 2445 2973 2498 neque

643 2509 753 2567 haec
798 2513 1040 2568 videntur
1087 2516 1297 2586 majoris
1342 2536 1455 2574 esse
1494 2521 1687 2590 praetii.
1761 2521 1882 2575 Jam
1920 2531 2076 2591 supra
2111 2520 2306 2592 pluries
2346 2518 2691 2574 indicavimus
2728 2519 2802 2587 (v.
2843 2535 2884 2570 c.
2922 2534 2974 2587 p.

644 2595 773 2661 203,
830 2601 962 2663 219,
1018 2603 1170 2674 278),
1229 2604 1647 2675 ”leptogonidia”
1702 2623 1817 2660 cum
1875 2607 2103 2677 gonidiis
2147 2605 2452 2676 vulgaribus
2499 2606 2663 2659 mixta
2709 2600 2975 2658 interdum

644 2684 906 2739 observari
950 2689 1112 2759 (apud
1155 2690 1387 2745 lichenes
1437 2692 1567 2746 locis
1616 2676 1904 2747 humidulis
1948 2696 2286 2759 crescentes),
2340 2692 2583 2762 idemque
2631 2691 2797 2745 etiam
2831 2686 2976 2758 apud

642 2772 1072 2842 Icmadophilam
1107 2777 1234 2833 licet
1271 2779 1518 2833 invenire.
1593 2779 1725 2833 Sunt
1761 2780 1971 2849 quidem
1998 2779 2357 2852 leptogonidia
2382 2778 2776 2848 vulgatissima,
2805 2793 2974 2845 neque

642 2861 821 2913 tamen
856 2860 1045 2915 desunt
1081 2861 1204 2916 alia.
1275 2863 1429 2919 Locis
1465 2865 1638 2919 minus
1673 2866 1963 2920 humidulis
1999 2876 2068 2931 (v.
2107 2885 2152 2921 c.
2193 2868 2248 2921 in
2281 2867 2532 2920 ramentis
2556 2862 2973 2924 arbuscularum)

643 2946 908 3002 interdum
951 2948 1146 3004 adsunt
1190 2967 1414 3005 verrucas
1452 2952 1715 3018 thamnus,
1755 2971 1868 3024 quae
1904 2959 2013 3008 tam
2052 2953 2416 3024 leptogonidia
2450 2953 2629 3006 fovent
2665 2966 2822 3020 quam
2860 2963 2973 3002 ma·

638 3033 778 3102 jora,
809 3036 1057 3112 globosa,
1104 3038 1407 3092 membrana
1439 3038 1696 3094 distincta
1731 3039 1951 3111 praedita
1986 3040 2064 3109 (in
2101 3039 2244 3094 herb.
2283 3039 2376 3093 diu
2411 3042 2681 3093 asservata
2715 3052 2852 3105 saepo
2888 3034 2973 3089 vel

643 3122 800 3192 vulgo
836 3115 1070 3192 pallida).
1145 3121 1368 3178 Omnino
1404 3124 1546 3194 idem
1579 3126 1720 3198 apud
1756 3128 1955 3181 Boeom.
1993 3141 2200 3180 rosemn
2237 3125 2480 3180 vidimus.
2532 3125 2795 3179 Preterea
2830 3125 2970 3195 apud

643 3208 870 3276 optimas
920 3211 1259 3280 Boeomycetis
1301 3213 1503 3282 species
1538 3214 1610 3282 (v,
1647 3230 1689 3268 c.
1731 3214 1800 3267 B.
1832 3212 2169 3281 funqoidem)
2206 3212 2400 3266 adsunt
2435 3215 2646 3265 tantum
2681 3210 2842 3264 solita
2875 3229 2969 3280 go-

643 3293 787 3348 nidia
822 3296 1036 3366 majora.
1109 3295 1494 3367 Leptogonidia
1537 3300 1704 3369 igitur
1738 3298 1880 3353 nullo
1919 3298 2071 3352 modo
2110 3300 2338 3369 speciem
2373 3296 2441 3352 ad
2479 3315 2638 3352 unum
2676 3297 2969 3352 alterumve

644 3397 808 3451 genus
843 3386 1061 3452 possunt
1096 3385 1320 3440 trahere.

1230 3598 1284 3660 l.
1376 3602 1421 3660 Ι.
1471 3598 1920 3659 AERUGINOSA
1969 3599 2186 3676 (Scop.)
2233 3601 2397 3659 Trev.

818 3728 1040 3796 Crusta
1083 3735 1299 3812 effusa,
1347 3733 1934 3817 granulato-rugosa
1978 3752 2034 3795 v.
2082 3734 2468 3818 subleprosa‚
2496 3733 2966 3818 viridi-glauce-

646 3849 818 3896 scens
867 3852 922 3897 v.
971 3833 1206 3910 albida;
1267 3836 1587 3919 apothecia
1634 3834 2023 3918 majuscula,
2078 3858 2340 3915 carnea,
2386 3838 2569 3922 plana
2613 3859 2668 3903 v.
2717 3839 2967 3903 demum

644 3935 1108 4002 convexiuscula
1153 3939 1738 4023 immerginataque‚
1785 3939 2017 4005 mollia.

785 4056 924 4125 Syn.
997 4057 1196 4112 Lichan
1244 4059 1575 4126 aenagtinooeoe
1626 4059 1772 4128 Scop.
1827 4059 1908 4112 ΡΙ.
1959 4059 2111 4113 Car-n.
2157 4059 2237 4114 ed.
2289 4061 2317 4113 l
2363 4061 2551 4130 (1760)
2596 4079 2644 4131 p.
2694 4061 2788 4119 78,
2838 4059 2965 4114 Ach.

646 4142 826 4197 Prodr.
879 4161 926 4215 p.
976 4145 1058 4197 53.
1102 4175 1159 4184 —
1199 4145 1572 4213 Icmadopmla
1618 4145 1770 4200 Trev.
1820 4147 1877 4200 in
1923 4147 2082 4201 Mass.
2130 4146 2278 4201 Rich.
2325 4148 2510 4218 (1852)
2554 4166 2605 4218 p.
2655 4148 2748 4209 26,
2807 4146 2966 4201 Korb.

645 4230 781 4300 Syst.
818 4248 870 4301 p.
915 4232 1053 4295 151„
1077 4231 1172 4285 Th.
1211 4231 1295 4284 Fr.
1335 4232 1478 4285 Aret.
1517 4250 1566 4302 p.
1605 4232 1689 4285 97.

786 4318 982 4372 Lichen
1025 4318 1383 4387 icnmdopht'la
1429 4318 1579 4372 Linn.
1628 4319 1698 4372 fil.
1746 4318 1884 4389 Syst.
1933 4336 2049 4388 veg.
2087 4320 2261 4391 Suppl.
2303 4319 2487 4389 (1781)
2524 4335 2570 4387 p.
2608 4318 2736 4378 450,
2778 4315 2962 4386 Wnbg.

646 4405 808 4477 Lapp.
846 4423 894 4475 p.
931 4407 1053 4470 404,
1093 4406 1241 4459 Suec.
1280 4423 1330 4474 p.
1368 4404 1487 4458 832.
1532 4437 1587 4445 —
1630 4405 1855 4460 Lecidea
1894 4406 2023 4460 Ach.
2064 4408 2222 4461 Meth.
2264 4425 2315 4476 p.
2355 4406 2448 4467 58,
2488 4404 2608 4458 Vet.
2640 4402 2735 4456 ΑΒ.
2777 4402 2962 4456 Handl.

647 4495 784 4547 1808
828 4513 876 4566 p.
927 4493 1053 4556 265,
1109 4491 1261 4546 Univ.
1310 4509 1357 4562 p.
1399 4493 1527 4555 191,
1577 4493 1700 4563 Syn.
1741 4511 1791 4564 p.
1831 4495 1918 4547 45.
1964 4525 2024 4533 ——-
2064 4496 2293 4549 Biatora
2330 4492 2415 4545 Fr.
2454 4491 2513 4543 L.
2550 4491 2609 4545 E.
2647 4509 2699 4561 p.
2739 4491 2858 4544 258.
2902 4520 2960 4529 —

648 4584 943 4655 Baeomyoes
978 4581 1100 4653 Nyl.
1139 4580 1257 4650 Syn.
1296 4596 1348 4649 p.
1391 4579 1516 4644 183,
1554 4581 1737 4635 Scand.
1775 4599 1823 4653 p.
1863 4583 1956 4646 49,
1997 4581 2086 4636 Br.
2125 4584 2183 4634 et
2215 4578 2389 4634 Rostr.
2429 4578 2564 4632 Dan.
2603 4597 2655 4650 p.
2695 4579 2779 4632 87.
