3177 5011
1287 352 1371 421 43

292 509 539 583 Destrui.
610 509 828 566 Thallus
890 526 1156 573 ramosus,
1212 514 1419 568 erectus
1479 510 1565 567 vel
1618 508 1959 574 decumbens,
2015 525 2154 565 nunc
2205 505 2492 564 filameutis

134 595 541 653 medullaribus
594 600 731 653 saxis
784 600 1077 655 arctissime
1120 600 1333 662 affixus,
1372 616 1508 654 nunc
1544 599 1659 653 basi
1694 599 1951 654 moriente
1987 597 2123 653 liber
2158 615 2205 652 v.
2243 596 2490 659 subliher,

134 683 384 739 rhizinis
418 688 632 741 omnino
668 686 982 752 destitutum
1030 687 1244 760 podetia
1279 687 1646 751 teretiuscula,
1668 687 1852 757 glabra
1887 684 1973 740 vel
2008 690 2246 741 tomento
2282 684 2493 739 vestita.

132 770 326 829 Strati
386 775 697 829 medullaris
749 776 1018 830 filamenta
1078 775 1433 846 superficialia
1483 774 1753 829 crassiora..
1796 803 1853 813 —
1895 771 2262 842 Phyllocladia
2313 787 2495 843 sparsa

134 859 230 913 vel
304 862 575 926 conferta,
640 863 809 917 forma
869 862 1338 933 magnitudineque
1391 862 1560 924 varia,
1615 877 1733 915 raro
1784 858 2494 931 pulverulento-fatiscentia.

136 944 402 1002 Stratum
457 950 709 1005 corticale
763 968 945 1006 verum
989 950 1163 1015 deest,
1210 950 1304 1006 sed
1346 968 1375 1005 e
1411 949 1697 1005 fllamentis
1735 948 1892 1004 dense
1925 948 2216 1011 intricatis,
2255 945 2495 1018 gonidio·

133 1051 269 1089 rum
330 1034 653 1105 glomerulos
706 1037 1029 1102 foventibuS,
1083 1041 1306 1094 constat.
1353 1036 1482 1108 (Cfr.
1520 1041 1775 1110 praeterea
1811 1035 2078 1092 Schwend.
2116 1034 2325 1090 Unters.
2361 1033 2403 1087 1.
2439 1050 2492 1104 p.

134 1124 214 1178 65
234 1156 285 1163 -—
301 1126 412 1194 67).

295 1230 625 1298 Apothectkz,
679 1232 735 1285 in
781 1229 1152 1301 phyllocladiis
1195 1233 1336 1295 orta,
1392 1229 1621 1300 primum
1665 1226 1805 1282 haud
1849 1243 1967 1281 raro
2002 1226 2303 1283 lecanorina
2338 1229 2408 1298 (v.
2448 1242 2493 1282 c.

132 1316 296 1385 apud
335 1316 411 1371 St.
444 1319 732 1388 paschale,
767 1319 1173 1386 condemnatum,
1196 1316 1687 1388 fflaerophoroides
1721 1316 1847 1385 etc.)
1875 1317 2129 1385 apparent
2166 1318 2222 1371 et
2257 1314 2494 1387 excipulo

133 1402 397 1459 thallode
434 1407 723 1472 instructa;
770 1408 826 1462 in
871 1408 1110 1480 plurimis
1144 1423 1269 1462 vero
1304 1423 1422 1460 mox
1455 1421 1577 1461 vere
1617 1402 1880 1457 biatorina
1916 1402 2160 1457 evadunt.
2200 1403 2354 1474 Apud
2390 1402 2497 1458 alia

131 1491 215 1558 (v.
261 1508 307 1545 e.
350 1492 425 1546 St.
463 1494 853 1564 scutelliqerum
890 1494 985 1548 Th.
1022 1494 1109 1549 Fr.
1147 1494 1202 1548 in
1238 1493 1397 1548 Flora
1421 1493 1557 1547 1861
1584 1509 1634 1562 p.
1655 1492 1758 1545 412
1796 1491 1888 1563 [=
1904 1490 1983 1545 St.
2015 1492 2319 1546 salatinum
2345 1490 2493 1561 Nyl.‚

131 1594 255 1632 non
293 1578 490 1652 Bory]‚
534 1582 864 1637 lecanoreum
900 1582 1020 1652 Nyl.
1059 1600 1103 1637 e.
1142 1600 1182 1636 s.
1219 1583 1294 1653 p.)
1331 1581 1627 1637 lecanorina
1662 1581 1910 1635 videntur
1952 1581 2251 1651 persistere.
2307 1577 2496 1646 Qualia

134 1668 340 1719 autem
394 1667 675 1736 apothecia
744 1669 790 1722 si
851 1668 1192 1739 microscopio
1253 1669 1634 1732 examinamus,
1708 1668 2001 1739 excipulum
2054 1669 2204 1721 extus
2257 1665 2496 1722 videmus

135 1753 372 1807 omnino
426 1754 665 1823 ejusdem
711 1770 826 1809 esse
860 1759 1060 1810 naturae
1097 1773 1157 1811 ac
1194 1759 1422 1811 stratum
1456 1754 1617 1810 thalli
1653 1756 1881 1811 exterius
1897 1796 1909 1818 ‚
1948 1753 2176 1825 gonidiis
2211 1752 2367 1808 modo
2403 1753 2496 1808 de·

136 1841 438 1906 stitutum,
464 1840 691 1896 formam
720 1842 885 1913 igitur
929 1844 1069 1899 inter
1104 1843 1384 1916 apothecia
1418 1860 1539 1899 vere
1576 1843 1875 1900 lecanorina
1909 1846 1968 1898 et
1999 1840 2259 1898 lecideina
2281 1842 2495 1896 sistunt.

139 1956 210 1968 ——
256 1927 656 1999 Hypothecium
691 1929 855 2001 (apud
888 1935 1096 1986 nostras
1131 1932 1357 2002 species)
1392 1930 1741 1987 incoloratum
1754 1972 1766 1995 ,
1805 1934 1978 1985 strato
2011 1929 2290 1985 medullari
2326 1930 2495 2001 impo-

139 2015 335 2069 situm.
407 2015 741 2088 Paraphyses
794 2017 1043 2087 graciles,
1099 2017 1388 2084 distinctim
1444 2018 1554 2073 asci
1609 2017 1928 2080 subclavati,
1984 2033 2148 2086 sporae
2208 2018 2492 2088 elongatur,

139 2118 289 2157 nunc
343 2104 659 2167 aniculares,
716 2121 851 2160 nunc
905 2104 1327 2169 subfusiformes,
1368 2104 1596 2176 4·plejo-
1617 2105 1802 2174 (usque
1837 2103 1904 2157 ad
1940 2102 2056 2173 2o-)
2091 2100 2302 2168 blastae,
2340 2107 2496 2160 rectae

140 2191 234 2246 vel
274 2192 551 2262 spiraliter
587 2194 757 2247 tortae.
831 2191 1078 2247 Gelatina
1113 2194 1320 2263 hymen.
1353 2193 1479 2263 jodo
1516 2191 1870 2246 cterulescens.

292 2294 685 2365 Sper-moyonia
736 2296 1105 2368 phyllocladiis
1164 2299 1436 2362 immersa3
1495 2296 1810 2366 sterigmata
1864 2294 2152 2365 simplicia3
2209 2296 2497 2367 spermatia

140 2381 663 2438 lineari-acicularia
700 2399 747 2438 v.
785 2383 1182 2448 subbacillaria,
1223 2389 1370 2439 recta
1389 2384 1489 2465 'vel
1524 2383 1718 2437 leviter
1753 2386 1984 2438 curvata.

296 2488 530 2560 Speciali
567 2488 863 2543 attentione
899 2488 1061 2560 digna
1107 2491 1231 2543 sunt
1268 2487 1655 2560 ”cephalodia”,
1695 2487 1836 2559 apud
1873 2488 2045 2544 varias
2082 2488 2283 2559 species
2319 2483 2495 2542 obser·

141 2580 288 2630 vata.
364 2574 630 2630 Perfacile
666 2577 889 2646 perspici
926 2579 1130 2646 potest,
1178 2580 1419 2631 auctores
1445 2575 1820 2650 diversissimis
1857 2575 2011 2630 rebus
2046 2574 2145 2630 hoc
2171 2591 2360 2629 nomen
2396 2575 2495 2627 tri-

144 2661 341 2717 buisse.
383 2662 540 2733 Apud
585 2661 663 2716 St.
694 2664 1025 2717 ramuloeum
1060 2663 1293 2733 aliasque
1327 2663 1529 2733 species
1566 2663 1796 2717 exoticas
1834 2666 1957 2717 sunt
1993 2662 2334 2734 podicellata,
2372 2659 2495 2715 sub-

146 2750 399 2818 globosa,
456 2747 1123 2815 foveolato-scrobiculata,
1174 2753 1343 2804 strato
1396 2749 1633 2803 corticali
1688 2750 1957 2804 fllamenta
2005 2748 2318 2803 medullaria
2350 2750 2494 2803 varie

147 2836 410 2891 intricata
465 2841 523 2892 et
578 2836 819 2907 '’gonidia
870 2836 1364 2908 sirosiphonoidea”‚
1420 2835 1902 2905 ”scytonemoidea”
1957 2837 2042 2890 vel
2100 2835 2346 2890 ”nodulos
2400 2852 2493 2906 go-

147 2922 405 2977 uirnicos”
463 2923 808 2978 includentia.
884 2924 1179 2979 Secundum
1232 2924 1329 2977 has
1365 2923 1601 2978 diversas
1638 2922 2027 2995 ”gonidiornffl
2064 2925 2259 2979 formas
2294 2924 2496 2993 species

146 3009 560 3080 distinguendas
604 3015 784 3066 censet
819 3012 1102 3081 Nylander.
1174 3011 1238 3065 In
1274 3011 1432 3065 Flora
1476 3012 1618 3065 1866
1653 3029 1702 3082 p.
1740 3012 1809 3065 17
1844 3011 2344 3067 demonstravimus.
2384 3011 2494 3065 haec

148 3183 274 3238 dum
310 3184 573 3248 inveniri;
613 3185 833 3256 probare
874 3191 1130 3257 praeterea
1174 3186 1348 3241 conati
1385 3201 1588 3248 sumus,
1629 3185 1740 3239 haec
1775 3185 2048 3255 ''gonidia”
2086 3184 2162 3238 nil
2199 3182 2343 3238 aliud
2380 3200 2493 3238 esse

145 3287 305 3338 quam
364 3269 576 3325 diversa
629 3274 945 3329 evolationis
995 3273 1170 3329 stadia
1203 3274 1336 3343 algae
1372 3271 1647 3341 cujusdam
1681 3272 2040 3341 parasitantis.
2114 3269 2496 3341 ”Cephalodia”

148 3357 318 3426 igitur
354 3356 435 3410 St.
475 3360 739 3413 ramulosa*
770 3363 870 3414 cet.
907 3375 1012 3414 non
1048 3364 1172 3415 sunt
1218 3361 1324 3414 nisi
1360 3359 1615 3413 morbosae
1650 3359 2020 3423 formationes,
2065 3358 2132 3413 ab
2168 3359 2307 3430 algis
2339 3373 2494 3430 para·

148 3443 446 3499 sitantibus
483 3450 794 3516 provocatte.

294 3547 381 3601 Ad
435 3550 640 3617 species
691 3566 815 3606 vero
868 3565 1133 3621 europaeas
1185 3550 1324 3619 quod
1379 3551 1604 3614 attinet,
1660 3547 1911 3620 perfacile
1946 3551 2122 3619 patet,
2162 3545 2499 3619 ”cephalodia

150 3636 380 3706 fungosa
435 3636 811 3714 immarginata
870 3636 1090 3708 rugosa”
1145 3637 1224 3691 St.
1270 3638 1582 3707 paschalis,
1632 3636 1892 3691 denudati
1925 3639 2052 3690 etc..
2092 3635 2148 3691 ”e
2186 3635 2292 3689 filis
2327 3635 2494 3705 nigri-

153 3722 582 3778 canti-olivaceis
622 3740 667 3775 v.
707 3722 1150 3787 fusco-viridum,
1190 3724 1627 3793 subgelatinosis‚
1666 3724 1911 3785 ramosi8‚
1950 3722 2216 3777 intricatis
2252 3739 2301 3776 v.
2339 3724 2496 3778 aetate

153 3808 589 3878 divergentibns”
611 3810 909 3863 constantia
969 3813 1025 3864 et
1080 3810 1407 3880 ''pulvinulos
1460 3812 1776 3867 fusco-atros
1813 3811 1868 3864 in
1899 3809 2128 3880 podetiis
2164 3808 2494 3876 formantia”,

154 3913 270 3950 esse
308 3895 470 3950 modo
504 3895 851 3967 speciminula
885 3894 1247 3965 Siroet‘phomb
1267 3900 1519 3954 saxicoloe
1542 3899 1904 3971 parasitantia.
1931 3928 1989 3938 -—
2013 3898 2134 3952 Alia
2157 3914 2280 3953 vero
2306 3898 2497 3952 adsunt

153 3983 297 4054 apud
352 3982 431 4036 St.
485 3987 828 4037 wnoentosum
843 4024 857 4050 ,
885 3983 1215 4038 denudatum
1249 3990 1350 4040 etc.
1388 3985 2025 4049 olivaceo-ruscescentla,
2061 3985 2296 4040 olivacea
2331 3999 2380 4036 v.
2418 3983 2494 4038 ci·

153 4070 511 4133 nerascentia‚
550 4070 891 4139 subglobosa,
928 4072 1590 4141 granuloso·glomerulosa
1626 4072 1710 4127 vel
1745 4086 2047 4136 verrucosa,
2085 4072 2276 4141 quibus
2313 4071 2496 4125 insunt

155 4156 432 4227 ”gonidia”
478 4157 687 4210 minuta
729 4173 863 4226 saepe
908 4156 1459 4227 moniliformi-juncta
1502 4157 1587 4214 vel
1625 4157 1826 4227 majora
1860 4156 2068 4213 sordide
2104 4158 2492 4229 viridi-glauca.

156 4245 235 4298 De
271 4244 465 4298 horum
502 4260 629 4299 vera
662 4246 853 4297 natura
879 4243 954 4296 nil
992 4244 1231 4298 volumus
1268 4247 1322 4300 in
1358 4249 1615 4316 praesente
1652 4245 1865 4308 afferre3
1912 4244 2061 4298 brevi
2096 4261 2365 4315 speramus
2401 4262 2494 4299 va-

155 4332 261 4386 rias
319 4332 715 4385 observationes
775 4347 928 4400 posse
985 4333 1258 4386 enuntiare
1346 4332 1409 4387 Id
1463 4332 1618 4386 modo
1670 4331 1770 4387 hac
1825 4331 1938 4386 vice
1985 4332 2225 4385 volumus
2262 4331 2492 4397 dictum,

158 4418 327 4474 haecce
364 4415 676 4488 cephalodia
712 4418 928 4472 minime
965 4416 1228 4470 ”bulbillis
1265 4434 1377 4472 esse
1415 4418 1819 4488 comparanda”·,
1858 4418 2181 4488 suspitamur
2206 4418 2372 4480 enim,
2400 4415 2494 4473 illa

157 4508 333 4578 potius
387 4504 773 4561 excrescentias
824 4503 1099 4558 abnormes
1153 4520 1265 4559 esse
1320 4506 1574 4562 habenda.
1617 4535 1679 4545 —
1717 4504 1874 4559 Haud
1927 4522 2094 4576 pauca
2150 4505 2494 4567 Seereocaula

159 4610 442 4666 numquam
480 4591 849 4665 '’cephaludis'’
887 4592 1174 4664 proferunt.
