3177 5011
1270 326 1392 395 547

174 485 288 536 tarn
342 480 635 551 excipulum
652 520 665 545 ,
722 497 877 550 quatu
930 484 1283 555 paraphysum
1330 484 1506 554 apices
1542 479 1763 538 colorati
1796 481 1917 536 laete
1954 477 2039 535 vel
2073 476 2279 534 sordide
2315 493 2490 533 roseo·

178 568 473 622 violascunt
515 567 602 623 vel
648 568 941 626 rubescunt.
1016 571 1150 626 Jodo
1196 572 1423 641 primum
1458 570 1777 638 caerulescit‚
1819 568 1941 623 dein
1977 565 2186 623 sordide
2223 565 2492 636 violascit,

178 655 314 710 ascis
344 653 659 709 rubentibus
696 657 780 712 vel
816 658 1233 714 violascentibus.
1305 658 1599 728 Spermatia
1635 657 1792 727 longa
1807 697 1819 717 ,
1855 652 2156 713 anicularia,
2194 655 2423 708 arcuata.

318 742 433 796 obs.
475 742 520 796 1.
594 741 674 797 Ad
720 760 803 804 ea,
853 761 967 814 quae
1009 761 1165 815 supra
1211 743 1275 800 de
1301 744 1545 800 „diversis
1591 744 1775 798 formis
1811 742 2116 805 attulimus,
2155 739 2264 795 hoec
2300 738 2493 795 addere

176 828 362 884 lineat:

321 916 393 983 A)
429 914 674 970 Formam
712 934 792 978 α.,
832 930 1142 985 unaquaque
1181 917 1383 972 ratione
1419 916 1644 971 maxime
1680 914 1941 985 insignem
1976 916 2136 984 atque
2171 911 2268 969 sub
2305 913 2494 968 micro·

177 1004 356 1074 scopio
391 1002 795 1074 pulcherrimam
829 1001 1147 1072 praebentem
1183 1003 1401 1072 faciem,
1446 1002 1754 1058 distinctam
1789 1017 2144 1065 censeremus,
2179 1002 2282 1056 nisi
2319 1018 2382 1057 ex
2416 1001 2495 1057 al-

177 1091 296 1143 tera
330 1093 479 1159 parte
516 1089 572 1143 in
607 1094 690 1159 β.,
730 1105 790 1144 ex
827 1088 994 1143 altera
1030 1090 1082 1144 in
1122 1090 1171 1154 ζ.
1209 1089 1479 1146 evidenter
1517 1088 1781 1143 transiret.
1854 1087 2047 1144 Crusta
2070 1088 2239 1143 rarius
2263 1087 2496 1159 disperse

182 1175 493 1247 granulosa,
536 1163 586 1230 K
618 1176 904 1241 lutescenS,
952 1161 1028 1232 Ca
1044 1164 1107 1233 (31
1149 1193 1254 1232 non
1298 1180 1520 1231 mutata.
1593 1175 1887 1246 Apothecia
1928 1177 1982 1240 0,
1988 1184 2118 1229 5-8
2167 1192 2289 1229 ιιιιιι.
2338 1176 2498 1246 vulgo

179 1263 319 1326 lata,
358 1266 501 1329 atra,
536 1261 801 1318 interdum
839 1264 1048 1318 demum
1085 1280 1312 1319 convexa
1344 1263 1847 1333 immarginataque;
1884 1278 2067 1333 margo
2093 1262 2334 1331 integer,
2369 1261 2496 1316 niti-

177 1349 350 1405 dulus.
414 1337 466 1404 K
512 1349 653 1404 color
701 1350 1051 1421 paraphysum
1096 1351 1433 1406 caerulescens
1474 1350 1532 1405 ιιι
1566 1349 1881 1420 fuligineum
1916 1349 2043 1404 abit.
2089 1382 2143 1391 -
2185 1348 2377 1403 Forma
2413 1364 2495 1404 re-

178 1436 370 1492 cedens
423 1453 571 1492 secus
623 1453 740 1491 oras
787 1437 1062 1507 Norvegiae
1108 1437 1334 1494 borealis
1382 1441 1439 1494 et
1484 1437 1767 1508 Lapponiae
1813 1435 2089 1493 Kemensis
2135 1434 2316 1504 (Kolat
2353 1434 2495 1490 Fell-

177 1526 349 1593 man),
398 1524 455 1578 in
503 1523 711 1594 alpibus
757 1525 1114 1580 Dovrensibus
1150 1529 1206 1580 et
1241 1542 1404 1596 usque
1440 1525 1498 1579 ιιι
1532 1542 1641 1595 par.
1678 1524 1857 1595 Vaage
1892 1523 2169 1593 Norvegiae
2206 1522 2346 1578 haud
2381 1538 2499 1578 raro

178 1611 265 1664 est
299 1609 449 1664 lecta.
524 1610 719 1667 Differt
753 1612 981 1682 partium
1019 1616 1349 1668 externarum
1387 1613 1584 1684 majore
1630 1612 1795 1676 mole,
1849 1611 2140 1681 apotheciis
2192 1609 2260 1664 ad
2307 1610 2497 1673 1-1,2

179 1696 308 1751 latis
343 1700 400 1750 et
435 1713 569 1767 saepe
605 1698 939 1764 auriculatis,
975 1700 1355 1771 paraphysibus
1391 1716 1525 1770 saepe
1563 1699 1690 1769 (non
1726 1699 1953 1769 semper)
1996 1700 2168 1753 minus
2204 1697 2321 1752 laete
2358 1696 2497 1751 colo-

177 1783 311 1837 ratis
363 1784 473 1850 (vix
526 1783 774 1840 distincte
829 1785 1308 1851 caerulescentibus,
1367 1787 1457 1842 sed
1506 1787 1561 1840 in
1605 1786 1921 1857 fuligineum
1969 1783 2333 1856 vergentibuS,
2372 1784 2499 1854 quin

179 1870 345 1925 etiam
387 1869 595 1926 sordide
641 1872 929 1937 olivaceis).
965 1902 1032 1913 —
1066 1874 1362 1930 Admodum
1406 1872 1727 1944 singularem
1776 1873 2021 1937 formam,
2066 1872 2252 1927 habitu
2288 1874 2500 1926 externo

177 1974 299 2012 cum
342 1963 394 2029 β.
444 1959 759 2029 (apotheciis
802 1976 937 2031 saepe
992 1961 1446 2031 conglomeratis),
1495 1961 1848 2031 paraphysum
1885 1958 2292 2029 hypotheciique
2328 1959 2500 2013 colore

178 2060 299 2099 cum
337 2065 387 2096 α.
435 2049 808 2116 congruentem
845 2064 873 2102 e
912 2046 1313 2103 Glanshammar
1345 2048 1395 2102 N
1399 2048 1569 2103 ericiae
1607 2045 1756 2100 misit
1790 2046 1941 2100 amic.
1981 2044 2242 2100 Hellbom.

314 2130 384 2197 B)
421 2131 541 2186 Var.
579 2139 633 2203 β.
672 2137 859 2189 crustae
894 2135 1069 2191 indole
1106 2136 1256 2192 valde
1293 2135 1490 2199 variat,
1537 2149 1673 2188 nunc
1717 2131 2086 2196 crassiuscula,
2137 2147 2274 2186 nunc
2322 2130 2501 2186 tenuis

177 2219 484 2288 granulosa,
522 2235 658 2274 nunc
694 2220 802 2276 fere
839 2222 1051 2278 omnino
1087 2223 1260 2287 nulla;
1301 2222 1441 2277 color
1477 2237 1541 2277 ex
1576 2220 1786 2275 omnino
1822 2219 1999 2274 albido
2034 2236 2128 2290 per
2163 2218 2306 2273 varie
2357 2217 2499 2273 cine-

178 2320 325 2358 reum
360 2305 418 2358 in
454 2304 660 2361 sordide
697 2306 926 2362 cinereo·
931 2309 1276 2366 virescentem
1312 2309 1504 2381 (qualis
1539 2308 1797 2379 praecipue
1824 2307 1953 2363 locis
1977 2305 2263 2361 humidulis
2286 2304 2355 2360 ad
2379 2321 2503 2360 saxa

177 2390 534 2461 granitoidea.
571 2391 635 2445 L.
672 2392 1033 2449 sabuletorum
1070 2400 1121 2466 β.
1168 2398 1385 2467 eonnbps
1421 2397 1624 2464 Auctt.)
1668 2393 1882 2459 ludens,
1931 2410 2047 2449 raro
2091 2392 2499 2457 subochraceus,

178 2477 443 2534 rarissime
479 2476 702 2548 hydrate
739 2478 927 2535 ferrico
962 2481 1286 2566 ferrugineo·
1288 2483 1570 2540 ochraceus
1605 2481 1783 2551 (Olme
1810 2480 2204 2539 Wermlaudiae:
2241 2479 2306 2534 E
2326 2479 2502 2547 Falk).

184 2567 378 2621 Crusta
425 2567 500 2622 Ca
514 2567 578 2622 Cl
610 2582 714 2621 non
749 2571 978 2632 mutata,
1015 2556 1067 2625 K
1128 2572 1246 2643 plus
1299 2573 1471 2627 minus
1525 2570 1777 2626 distincte
1837 2570 2112 2625 lutesceus.
2208 2567 2504 2639 Apothecia

180 2653 393 2708 demum
443 2655 595 2718 1-1‚
601 2663 628 2705 5
677 2670 800 2708 mm.
849 2654 989 2722 lata,
1041 2658 1182 2715 haud
1226 2676 1342 2714 raro
1388 2658 1746 2718 tuberculata,
1782 2659 1934 2729 nigra
1969 2656 2054 2713 vel
2088 2654 2367 2727 (praecipue
2402 2655 2502 2709 hu-

180 2743 436 2805 mectata)
491 2739 706 2796 obscure
759 2742 1091 2801 rufescentia.
1165 2746 1551 2818 Hypothecium
1607 2744 1951 2800 incoloratum
2001 2743 2087 2798 vel
2131 2743 2299 2797 rarius
2327 2741 2504 2826 ’dilute

182 2827 447 2883 lutesceus
501 2826 896 2885 fuscidulumve.
969 2832 1323 2904 Paraphyses,
1370 2850 1530 2904 quum
1582 2833 1639 2887 in
1693 2831 1983 2887 violaceum
2029 2834 2282 2901 vergunt,
2320 2830 2370 2884 K
2419 2830 2502 2885 di-

182 2915 431 2970 stinctius
466 2916 772 2972 violascunt.
845 2916 1018 2989 Sporae
1052 2921 1240 2977 abortu
1274 2920 1541 2976 interdum
1575 2921 1676 2974 4-
1686 2921 1733 2972 7·
1737 2935 1831 2974 nae.
1868 2948 1934 2959 —
1970 2918 2163 2973 Forma
2197 2916 2265 2972 ad
2301 2937 2354 2970 α.
2391 2932 2503 2971 οιιι·

182 3003 308 3057 nino
343 3003 606 3059 transiens
641 3006 1018 3082 (aeroeyqnea,
1057 3009 1104 3063 si
1138 3009 1339 3080 placet)
1375 3025 1492 3063 cum
1539 3011 1596 3077 β.
1635 3007 1880 3078 congruit
1912 3005 2308 3078 apotheciorum
2342 3003 2503 3073 (nunc

180 3089 485 3161 planorum,
533 3106 670 3145 nuuc
714 3085 924 3148 demuin
974 3100 1341 3160 convexerum)
1385 3093 1777 3165 magnitudine,
1822 3092 2128 3163 hypothecii
2164 3092 2334 3148 colore
2371 3094 2500 3159 oet,

181 3177 276 3233 sed
313 3178 512 3234 recedit
547 3177 900 3249 paraphysum
935 3182 1172 3252 apicibus
1217 3181 1672 3238 caerulescentibus
1717 3197 1763 3234 v.
1811 3180 2168 3252 smaragdulo-
2145 3182 2501 3238 --caerulescen

179 3264 355 3330 tibus,
392 3268 570 3320 crusta
606 3264 860 3321 obsoleta.
935 3267 1081 3324 Hanc
1117 3271 1442 3342 possidemus
1477 3286 1505 3325 e
1542 3267 1619 3323 St.
1657 3265 2052 3339 Midtaklappen
2090 3266 2402 3337 Herjedaliae
2425 3268 2500 3340 (S.

185 3350 476 3422 Almqvist)
512 3354 570 3406 et
604 3350 852 3423 Snjiirrak
887 3354 1168 3427 Lapponiae
1204 3357 1446 3412 Lulensis
1481 3354 1721 3425 (Hellb.).

327 3437 393 3509 C)
426 3438 546 3493 Var.
584 3461 657 3511 y.‚
709 3442 792 3496 cui
829 3441 1095 3499 immerito
1133 3444 1357 3498 ”lamina
1393 3441 1754 3513 smaragdula,
1792 3439 2167 3510 hypothecium
2202 3457 2507 3512 grumosum

187 3525 565 3581 luteofuscum”
615 3527 818 3583 tributa
863 3529 1033 3596 fuere,
1080 3531 1414 3603 potissimum
1457 3533 1541 3586 est
1574 3529 1744 3583 forma
1777 3543 1882 3581 non
1918 3527 2019 3582 rite
2056 3528 2280 3584 evoluta.
2355 3528 2417 3583 In
2452 3534 2507 3600 β.

187 3614 396 3668 transit.
470 3612 662 3668 Totum
698 3614 930 3669 thecium
967 3617 1234 3674 interdum
1270 3616 1465 3688 passim
1500 3614 1669 3670 dilute
1705 3613 2011 3669 violascens.
2050 3642 2116 3654 —
2150 3615 2215 3670 In
2252 3611 2300 3670 δ.
2328 3618 2508 3671 crusta

189 3688 267 3757 Ca
280 3688 342 3756 01
379 3701 628 3757 distinete
665 3701 1004 3758 luteo-rubet„

332 3789 406 3855 D)
443 3783 636 3843 Forma
682 3788 1003 3861 microcarpa
1050 3788 1326 3845 varietatis
1369 3793 1449 3858 p„
1496 3789 1550 3843 in
1588 3802 1745 3856 quam
1781 3785 2003 3851 transit,
2040 3787 2123 3840 est
2160 3805 2202 3839 ε.
2230 3802 2505 3857 punyens,

190 3892 308 3945 quae
349 3908 409 3917 —
450 3875 495 3928 si
531 3873 678 3930 lubet
718 3906 775 3915 —
817 3875 874 3929 in
920 3875 1050 3931 duas
1097 3875 1264 3931 dividi
1308 3878 1515 3946 potest,
1558 3874 1743 3929 formis
1790 3873 1978 3928 mediis
2013 3873 2200 3929 intime
2237 3890 2506 3930 connexas.

190 3960 269 4015 Ex
303 3959 388 4013 his
421 3960 674 4031 primaria
708 3961 861 4017 Biat.
888 3979 1138 4034 punyens
1170 3963 1331 4018 Korb.
1369 3961 1696 4034 dignoscitur
1730 3960 2021 4032 apotheciis
2054 3960 2206 4016 siccis
2241 3961 2506 4032 nigrican-

191 4045 338 4104 tibus
374 4064 422 4101 v.
460 4045 764 4111 fuscoatris,
801 4048 1033 4104 humidis
1068 4050 1459 4121 atropurpureis
1483 4047 1990 4118 atrosanguiueisve,
2016 4047 2369 4119 paraphysum
2392 4049 2505 4119 api-

192 4134 338 4190 cibus
391 4151 526 4206 saepe
578 4133 939 4206 pallidioribus
992 4136 1452 4207 (fuscescentibus,
1489 4136 1540 4191 N
1544 4135 1611 4206 Ο,
1648 4134 1756 4191 fere
1792 4133 2025 4190 obsolete
2060 4136 2318 4204 mutatis).
2393 4136 2508 4203 Quo

193 4221 490 4286 obscuriora
524 4223 827 4293 apothecia,
865 4240 925 4279 eo
962 4225 1283 4280 obscuriores
1319 4224 1652 4296 paraphyses.
1726 4221 1930 4278 Sensim
1974 4222 2084 4278 htec
2117 4221 2231 4276 abit
2265 4223 2319 4277 in
2355 4221 2506 4279 Lea·-

195 4309 349 4364 deam
395 4308 641 4379 glabram
697 4310 936 4382 Krmplh.
994 4312 1048 4366 in
1104 4311 1262 4366 Κὸιιι.
1300 4312 1401 4382 Pg.
1437 4330 1489 4382 p.
1530 4312 1630 4365 211
1669 4310 1818 4380 (Aru.
1855 4326 1958 4366 exs.
1997 4326 2049 4364 ιι.
2086 4310 2180 4381 44)
2216 4311 2508 4379 apotheciis

193 4395 536 4467 persistenter
569 4397 723 4462 atris,
761 4398 1111 4469 paraphysum
1146 4398 1382 4469 apicibus
1408 4396 2141 4468 violaseenti-nigricantibus.
2214 4395 2407 4453 Crusta
2427 4397 2506 4453 al-

194 4481 351 4552 bida,
404 4483 729 4538 cinerascens
783 4501 831 4540 v.
889 4485 1388 4541 ochraceo·sordida
1460 4484 1757 4556 Apothecia
1806 4483 2016 4540 demum
2052 4501 2188 4555 saepe
2223 4484 2504 4555 angulosa,

190 4572 384 4636 (La-8
420 4586 544 4624 mm.
580 4570 704 4626 lata.
