3177 5011
1782 301 1905 364 576

828 451 1063 507 Biatora
1095 450 1332 505 vernalis
1357 450 1410 519 f.
1447 452 1567 523 Nyl.
1606 453 1762 509 Flora
1795 457 1933 510 1855
1971 474 2019 527 p.
2058 456 2175 510 295.
2910 536 2915 537 V

829 538 1059 593 Ledaea
1091 539 1325 593 vernalis
1356 556 1470 594 var.
1507 543 1763 597 anmnala
1796 542 1917 612 Nyl.
1955 542 2075 597 Not.
2115 541 2299 596 Sausk.
2343 558 2395 611 p.
2430 539 2491 594 F.
2529 545 2586 596 et
2620 540 2707 596 Fl.
2746 540 2814 595 F.
2852 540 3023 595 Foru

690 623 767 678 IV
801 626 1008 765 PIJZY·
1039 710 1155 765 Flk.
1197 711 1315 766 181.
1355 743 1421 755 --
1457 711 1516 764 L.
1567 711 1653 765 Su.
1699 713 1820 766 350.
1863 743 1923 753 —
1961 711 2143 769 Stenh.
2182 713 2285 766 168
2321 714 2568 780 (immixt.
2604 714 2726 769 aliis
2766 714 3021 769 melano-

690 799 859 870 carpis
896 799 1159 863 minutis).

856 903 952 967 Ad
1021 904 1278 967 cortices
1335 902 1622 967 arborum
1684 904 1809 967 tam
1867 903 2287 969 frondosarum
2344 923 2530 986 quam
2573 923 3013 985 acerosarum,

688 1008 858 1090 ligna
902 1007 1095 1083 nuda,
1142 1005 1477 1089 Polyporos
1521 1007 1796 1070 vetustos
1839 1009 1953 1070 ete.
2000 1026 2108 1089 per
2153 1008 2351 1070 totum
2381 1007 2767 1081 territorium
2801 1029 3010 1093 usqne

683 1112 746 1174 in
801 1110 1080 1194 partibus
1136 1108 1397 1172 maxime
1451 1106 1818 1173 borealibus,
1921 1109 2321 1212 Frequentior
2376 1112 2583 1173 tamen
2629 1111 2881 1175 videtur
2935 1114 3000 1176 in

691 1211 1044 1296 regionibus
1094 1209 1579 1276 australioribus.

824 1329 1015 1384 Crusta
1050 1329 1333 1398 insigniore
1374 1327 1524 1383 modo
1560 1345 1662 1382 non
1699 1330 1975 1394 coloratur,
2014 1329 2267 1384 adhibitis
2302 1331 2589 1399 reagentiis
2625 1332 2824 1387 solitis
2861 1336 3007 1404 Apo·

688 1417 868 1472 thecia
901 1419 1094 1494 0,2—.f›
1132 1432 1256 1470 mm.
1295 1416 1428 1479 lata,
1466 1415 1676 1470 demum
1715 1433 1849 1487 saepe
1888 1418 2027 1471 varie
2064 1416 2416 1481 tuberculata,
2467 1417 2588 1471 snb-
2628 1435 2677 1472 v.
2717 1420 3005 1492 semi-glo-

680 1504 832 1567 bosa,
870 1502 1088 1557 humida
1122 1518 1255 1573 saepe
1292 1501 1826 1571 subhyalino·lurida;
1867 1519 2072 1573 marg0,
2110 1520 2269 1572 quum
2307 1503 2489 1570 adest,
2516 1523 2634 1559 mox
2658 1523 3003 1563 evanescens.

681 1592 987 1662 Excipulum
1023 1588 1293 1660 pallidum.
1369 1589 1756 1659 Hypothecium
1791 1589 2134 1644 incoloratum
2171 1607 2219 1644 v.
2258 1589 2425 1645 dilute
2451 1590 2795 1646 sordidulum.
2838 1594 3003 1649 Para-

680 1678 871 1748 physes
918 1678 1119 1748 apicem
1174 1693 1352 1731 versus
1397 1677 1744 1746 nigricantes,
1797 1676 2060 1746 fuligineae
2106 1693 2153 1729 v.
2191 1673 2473 1733 fuscidulae.
2550 1680 2675 1733 Asci
2714 1685 3002 1750 (anguste)

679 1764 887 1818 clavati.
960 1764 1130 1835 Sporae
1166 1764 1424 1834 oblongas,
1463 1762 2010 1833 oblongo-fusiformes
2047 1780 2094 1816 v.
2144 1764 2413 1818 lineariter
2448 1765 2998 1838 elongato-oblonga

677 1854 974 1916 (mos—15
1015 1867 1136 1904 mm.
1174 1851 1341 1921 longae
1377 1854 1434 1904 et
1467 1851 1796 1919 Quom—35
1837 1867 1957 1904 mm.
1996 1866 2198 1904 crassae.
2270 1850 2404 1906 Jodo
2428 1853 2653 1922 primum
2680 1855 3000 1917 caerulescit,

679 1938 801 1992 dein
838 1938 1016 1992 vinose
1052 1938 1217 1993 rubet.
1282 1926 1331 1991 Κ
1372 1954 1474 1992 non
1510 1940 1745 1991 mutatur
1783 1937 1866 1991 vel
1900 1939 2078 2007 partes
2113 1937 2273 1991 thecii
2311 1936 2630 1993 obscuriores
2666 1940 2853 1994 nisum
2879 1958 2999 2010 per-

683 2027 926 2096 exiguum
974 2025 1233 2095 prodeunt
1284 2027 1339 2079 in
1374 2024 1663 2078 violaceum
1700 2023 1939 2078 abeundi.
2010 2010 2061 2076 K
2126 2024 2491 2079 tautummodo
2527 2026 2697 2095 magis
2745 2026 2999 2082 olivaceae

677 2112 908 2168 evadunt
959 2114 1135 2182 partes
1190 2113 1416 2167 obscurae
1431 2153 1444 2177 ,
1495 2110 1617 2179 No,
1672 2126 1795 2164 vero
1846 2109 2326 2164 roseo-violascunt.
2398 2111 2693 2181 Spermatia
2739 2115 2999 2185 gracilia,

680 2199 995 2255 rectiuscula
1028 2216 1078 2253 v.
1116 2198 1303 2254 leviter
1340 2195 1577 2261 curvula,
1615 2199 1872 2260 0,004—5
1913 2213 2034 2250 mm.
2072 2197 2242 2266 longa.

821 2285 931 2341 obs.
973 2288 1018 2341 1.
1091 2286 1280 2354 Digna,
1318 2301 1434 2353 quae
1473 2284 1687 2338 seorsim
1723 2283 1991 2351 afferatur,
2016 2285 2099 2338 est
2120 2282 2157 2335 f.
2174 2283 2395 2352 pallens
2416 2284 2536 2355 Nyl.
2563 2286 2617 2340 in
2642 2285 2766 2339 Not.
2798 2285 2995 2341 Saus&

680 2391 732 2444 p.
769 2372 829 2427 F.
868 2375 923 2428 et
956 2371 1036 2425 Fl.
1072 2370 1131 2425 F.
1168 2371 1323 2425 Ferh.
1361 2369 1438 2423 XI
1473 2389 1525 2441 p.
1566 2370 1667 2424 187
1703 2374 1771 2439 (v.
1801 2371 2258 2440 fuscopalleseens
2293 2371 2413 2441 Nyl.
2449 2372 2573 2427 Not.
2611 2371 2798 2426 Siillsk.
2838 2391 2893 2443 p.
2929 2374 2992 2427 F.

672 2464 728 2515 et
782 2459 861 2514 Fl.
917 2458 976 2513 F.
1027 2458 1185 2532 Fiirh.
1250 2457 1381 2513 XIII
1434 2476 1485 2529 p.
1541 2458 1669 2527 346)
1715 2457 2007 2528 apotheciis
2052 2457 2651 2514 livido-fuscescentibus
2697 2476 2747 2514 v.
2784 2459 2989 2531 pallide

671 2546 830 2601 fuscis
877 2545 1283 2616 (obscurioribus
1328 2563 1461 2616 soepe
1513 2546 1809 2611 immixtis).
1880 2544 2052 2614 Hujus
2088 2545 2389 2614 hymenium
2427 2564 2560 2617 saepe
2595 2551 2771 2601 totum
2808 2547 2986 2617 hyali·

669 2649 793 2687 num
830 2650 877 2687 v.
916 2634 1278 2687 tantummodo
1314 2650 1534 2703 superne
1570 2633 1835 2687 levissime
1878 2632 2217 2698 fuscidulum,
2255 2621 2305 2691 1'(
2349 2652 2450 2692 non
2496 2635 2745 2688 tinctum.
2816 2634 2987 2691 Lecta

670 2724 754 2775 est
790 2718 856 2772 ad
893 2720 1140 2772 corticem
1175 2720 1441 2790 Juniperi,
1490 2719 1701 2784 Salicis,
1750 2720 1955 2775 Abietis
1992 2723 2090 2775 cet.
2129 2722 2390 2776 nonnullis
2427 2720 2812 2776 Tavastlandiae
2850 2724 2984 2777 locis

670 2805 970 2871 (Asikkala,
1018 2805 1202 2860 Evois:
1257 2806 1304 2860 J.
1343 2806 1401 2860 P.
1443 2806 1678 2868 Norrlin.
1715 2807 1988 2862 Mustiala:
2027 2808 2085 2861 P.
2124 2808 2184 2861 A.
2223 2808 2497 2877 Karsten),
2547 2808 2600 2861 in
2636 2806 2985 2863 Ostrobotnia

666 2892 864 2947 boreali
900 2891 1176 2959 (Alkkulaz
1211 2892 1259 2946 J.
1298 2891 1357 2945 P.
1394 2892 1655 2963 Norrlin),
1694 2894 1748 2948 in
1785 2894 2184 2964 Helsinglandia
2231 2894 2301 2964 (J.
2346 2895 2408 2949 A.
2456 2895 2767 2962 Hartman),
2811 2913 2979 2967 prope

666 2979 1039 3034 Christianiam
1075 2979 1163 3047 (N.
1202 2978 1260 3033 G.
1301 2979 1460 3046 Moe).
1532 2978 1708 3035 Etiam
1745 2983 1883 3036 inter
1918 2982 2193 3053 apothecis
2227 2980 2405 3036 formae
2440 2982 2687 3036 normalis
2724 2984 2976 3038 nonnulla

539 3117 550 3124 .
665 3067 1002 3136 pallescentis
1037 3065 1300 3120 interdum
1338 3065 1674 3122 inveniuntur
1710 3069 1974 3131 immixta,
2000 3084 2157 3137 quare
2181 3067 2217 3120 f.
2236 3068 2456 3136 pallens
2479 3069 2811 3139 potissimum
2840 3087 2971 3139 que·

663 3152 939 3207 dammodo
975 3152 1238 3207 abnormis
1273 3157 1356 3208 est
1393 3153 1643 3208 habenda.
1684 3186 1748 3194 —
1787 3153 1936 3219 Quod
1972 3155 2131 3209 etiam
2172 3155 2366 3224 majore
2396 3155 2514 3223 jure
2550 3155 2655 3210 dici
2690 3160 2872 3226 potest
2906 3157 2971 3212 de

660 3239 730 3293 L.
768 3240 1074 3310 hypoptella
1110 3238 1230 3309 Nyl.
1267 3239 1425 3293 Flora
1464 3241 1599 3295 1865
1636 3258 1683 3311 p.
1726 3242 1851 3304 146,
1890 3242 1956 3296 ad
2005 3241 2204 3313 lignum
2253 3244 2460 3298 alneum
2509 3258 2667 3313 prope
2716 3241 2970 3297 Asikkala

661 3325 1042 3380 Tavastlandiae
1079 3326 1240 3381 semel
1275 3326 1576 3396 parcissime
1613 3329 1752 3383 lecta
1787 3328 1857 3388 (J.
1896 3328 1957 3382 P.
1995 3328 2246 3394 Norrlin).
2307 3328 2536 3384 Externa
2559 3319 2719 3383 facies
2742 3333 2826 3383 est
2852 3330 2967 3399 qui-

661 3412 781 3467 dem
828 3414 1129 3484 peregrina,
1183 3412 1323 3468 disco
1368 3414 1582 3482 pallide
1616 3433 1661 3470 v.
1697 3416 1911 3470 sordide
1937 3416 2100 3484 fusco
2135 3417 2468 3487 maryineque
2493 3420 2810 3486 persistente
2838 3417 2964 3485 pal-

662 3500 794 3564 lide,
845 3500 936 3554 sed
984 3502 1040 3554 et
1084 3502 1260 3570 partes
1295 3502 1512 3556 internae
1547 3508 1865 3572 congruunt.
1904 3506 1960 3558 et
1995 3504 2049 3557 in
2087 3503 2456 3572 speciminibus
2491 3504 2525 3559 f.
2558 3506 2820 3575 pallentis
2857 3510 2963 3562 evi·

654 3586 843 3640 dentes
878 3585 1264 3641 observavimus
1302 3590 1570 3643 transitus.
1643 3588 1866 3643 Omnino
1903 3594 1986 3645 est
2020 3591 2243 3661 analoga
2277 3607 2393 3645 cum
2429 3591 2466 3646 f.
2504 3593 2840 3662 amphileuca
2864 3596 2961 3650 Ga-

658 3675 878 3728 tillariae
912 3673 1162 3728 Lam-eri.

797 3759 909 3812 obs.
947 3760 997 3815 2.
1068 3760 1296 3816 Leeidea
1328 3761 1700 3830 suquobulosa
1734 3763 1852 3833 Nyl.
1891 3764 2049 3819 Flora
2080 3765 2216 3819 1867
2256 3784 2307 3836 p.
2346 3767 2446 3819 327
2482 3766 2664 3833 (Evois
2699 3767 2766 3822 ad
2804 3768 2960 3822 corti·

656 3866 767 3903 cem
803 3849 950 3902 Alni:
989 3847 1185 3919 Norrl.)
1223 3849 1399 3903 differt
1434 3849 1587 3903 modo
1623 3851 1915 3920 apotheciis
1950 3855 2214 3909 interdum
2250 3854 2424 3925 paullo
2448 3855 2745 3925 majoribus.
2801 3854 2958 3910 Nullo

653 3940 831 4007 pacto,
875 3953 940 3990 ne
986 3939 1048 3989 ut
1097 3936 1318 3989 varietas
1363 3936 1599 4005 quidem,
1645 3936 1900 4007 distingui
1946 3945 2136 4009 potest.
2177 3972 2239 3981 —
2277 3940 2507 3995 Lecidea
2540 3940 2766 3996 Olizon-272·
2796 3941 2954 3995 Korb.

653 4023 748 4093 Pg.
786 4039 835 4092 p.
875 4022 975 4075 217
1015 4038 1115 4075 sec.
1154 4022 1366 4091 specim.
1403 4038 1432 4076 e
1468 4021 1670 4076 duobus
1705 4023 1779 4077 ibi
1817 4025 1995 4079 citatis
2032 4027 2184 4090 lociS,
2224 4045 2336 4097 quae
2382 4027 2609 4082 auctoris
2645 4027 2951 4083 liberalitati

652 4108 926 4173 debemuS,
971 4108 1180 4163 omnino
1229 4111 1312 4162 est
1356 4108 1413 4162 Ο.
1457 4109 1739 4178 ylolmlosa
1783 4112 1949 4180 sporis
1993 4114 2230 4183 plurimis
2273 4114 2530 4184 dyblastis
2581 4116 2665 4169 vel
2701 4114 2958 4184 dyblastis

651 4195 1075 4265 simplicibusque
1113 4195 1307 4250 mixtiS.
1347 4227 1410 4235 -
1449 4194 1717 4260 Quomodo
1754 4200 1920 4268 possit
1957 4200 2020 4253 cl.
2060 4200 2320 4272 Leighton
2360 4199 2515 4264 (Brit.
2554 4199 2700 4255 Lich.
2740 4219 2789 4272 p.
2828 4204 2959 4266 318)

651 4283 711 4336 L.
756 4282 840 4336 Su.
887 4299 937 4337 n.
985 4284 1090 4336 350
1137 4282 1204 4337 ad
1253 4285 1479 4352 speciem
1516 4287 1683 4355 sporis
1721 4287 1925 4356 magnis
1961 4288 2217 4358 insignem
2254 4289 2493 4352 trahere,
2531 4288 2617 4342 vix
2654 4291 2835 4358 potest
2869 4308 2954 4344 ex·

649 4370 847 4439 plicari.

789 4457 901 4511 (le.
939 4457 987 4511 3.
1060 4455 1294 4511 Ulterius
1329 4455 1639 4525 inquirenda
1674 4461 1757 4513 est
1790 4459 1972 4529 planta
2007 4458 2068 4525 (f.
2106 4460 2384 4529 epirhoda,
2422 4458 2489 4514 ad
2514 4461 2779 4530 interim),
2808 4462 2955 4530 cujus

645 4559 904 4616 perpauca
938 4541 1224 4613 specimina
1258 4543 1506 4615 lignicola
1537 4545 1607 4601 ad
1645 4546 1890 4601 Tromsiie
1926 4545 2164 4618 legimus.
2237 4546 2432 4602 Differt
2467 4546 2759 4620 apotheciis
2786 4549 2954 4606 hurni-
