3177 5011
1366 284 1487 352 107

389 426 531 499 Syn.
602 431 802 489 Heben
851 437 1142 506 soepincola
1182 437 1345 494 Ehrh.
1383 440 1702 513 Phytophyl.
1739 441 1925 512 (1780)
1977 459 2030 497 ιι.
2069 442 2164 507 90,
2218 441 2351 498 Ach.
2389 442 2576 499 Prodr.

240 530 296 585 p.
339 516 471 581 169,
510 519 702 592 Wnbg.
737 521 904 593 Lapp.
940 542 993 596 p.
1031 526 1161 591 433,
1200 525 1349 582 Suec.
1383 545 1437 599 p.
1474 529 1597 584 863.
1640 560 1699 569 -
1742 529 1987 585 Cetraria
2019 530 2150 586 Ach.
2187 530 2354 584 Meth.
2393 531 2577 602 (1803)

241 619 298 673 p.
343 604 477 667 297,
518 606 672 662 Univ.
710 628 763 680 p.
802 613 929 674 507,
968 613 1088 667 Vet.
1128 613 1227 667 ΑΒ.
1267 613 1459 669 Handl.
1499 616 1637 669 1810
1673 634 1723 688 p.
1764 619 1891 680 227,
1931 617 2051 688 Syn.
2088 635 2136 688 p.
2161 618 2288 680 226,
2326 617 2416 672 Fr.
2437 616 2495 672 L.
2516 618 2576 673 E.

242 706 299 760 p.
344 691 439 754 39,
476 693 633 748 Korb.
671 695 811 767 Syst.
848 716 900 770 p.
920 700 1014 764 47,
1055 699 1152 754 Th.
1189 700 1279 755 Fr.
1318 702 1464 757 Arct.
1500 720 1549 774 p.
1588 704 1686 768 40,
1724 703 1813 758 Br.
1843 709 1899 759 et
1928 705 2102 759 Bostr.
2143 703 2279 759 Dan.
2317 722 2367 775 p.
2388 706 2472 759 54.
2515 736 2572 745 —-

242 777 536 849 Ploetysnm
570 781 693 852 Nyl.
732 782 851 854 Syn.
890 804 941 857 p.
982 787 1102 842 308.

430 907 490 949 a·
535 893 742 961 nuda
787 891 1042 959 Schaer.:
1111 898 1337 975 minor,
1404 895 1927 974 castaneo-fusca,
1972 898 2213 965 laciniis
2259 899 2576 967 abbrevia-

243 986 368 1066 tis,
422 997 708 1077 marye'ne
750 998 1049 1079 ·e'nteyr·e's;
1096 999 1418 1083 apothecia
1463 998 1649 1083 vulgo
1695 1001 2003 1084 conserta.

395 1109 531 1180 Syn.
604 1115 850 1173 Cetraria
882 1120 1170 1189 saept'ncola
1216 1137 1269 1171 α.
1308 1119 1462 1173 nuda
1497 1117 1686 1173 Schaer.
1724 1120 1904 1192 Spicil.
1942 1138 1995 1193 p.
2037 1122 2157 1176 251.

398 1199 680 1271 Platyema
713 1207 1058 1275 soepincolum
1094 1205 1215 1276 Nyl.
1255 1205 1438 1260 Scand.
1474 1223 1525 1276 p.
1562 1207 1656 1269 82,
1695 1207 1860 1280 Lapp.
1899 1226 1971 1264 or.
2006 1226 2056 1281 p.
2095 1209 2214 1264 114.

396 1286 533 1342 Exs.
574 1295 630 1345 et
664 1291 801 1363 Fig.
875 1293 1039 1348 Ehrh.
1077 1292 1148 1347 90
1183 1294 1268 1362 (ex
1304 1292 1523 1363 Πρωὶ).
1564 1323 1626 1333 -
1665 1294 1747 1349 Fl.
1786 1296 1851 1351 D.
1889 1295 2070 1368 Suppl.
2109 1301 2192 1353 55.
2231 1299 2282 1353 1.
2307 1330 2367 1339 —
2390 1297 2452 1354 1..
2492 1297 2578 1352 Su.

243 1372 377 1426 170.
421 1405 479 1415 -
519 1375 699 1433 Smrft.
738 1382 855 1435 152.
898 1410 954 1421 -
997 1381 1177 1439 Stenh.
1216 1379 1320 1434 101
1354 1395 1402 1434 a.

427 1483 487 1564 β.
532 1486 1071 1570 omorophyua
1103 1487 1397 1573 (Humb.)
1429 1486 1686 1554 Schaer.:
1735 1488 2000 1567 elac-ion·
2043 1489 2282 1577 laciniae
2326 1488 2582 1554 latiores

242 1585 581 1670 magisque
640 1592 885 1666 erectae,
953 1590 1334 1674 pallidioreS‚
1380 1592 1660 1675 margine
1705 1592 2254 1678 undulato-crispae
2301 1595 2365 1659 et
2407 1613 2579 1659 sore-

243 1686 941 1770 diato-pulverulentae;
980 1694 1301 1777 apothecia
1341 1696 1711 1759 rarissima.

394 1805 528 1877 Syn·
601 1808 801 1865 Limen
835 1811 1234 1882 chlorophynus
1270 1813 1462 1869 numb.
1501 1813 1582 1868 m.
1622 1813 1768 1868 Frib.
1806 1813 1993 1885 (1793)
2027 1830 2078 1885 p.
2101 1814 2184 1867 20.

396 1893 642 1950 Cetraria
673 1899 964 1966 soepincola
997 1906 1053 1971 β.
1095 1901 1378 1971 ulophylla
1416 1901 1541 1956 Ach.
1579 1901 1744 1956 Meth.
1765 1919 1817 1972 p.
1859 1903 1986 1965 297,
2026 1901 2182 1955 Univ.
2220 1917 2271 1971 p.
2309 1900 2439 1963 507,
2461 1898 2583 1954 Vet.

244 1979 565 2121 Alnsggndl.
591 1984 731 2038 1810
765 2003 817 2057 p.
858 1987 985 2052 227,
1025 1987 1144 2059 Syn.
1182 2006 1233 2060 p.
1271 1990 1390 2043 227.
1416 2020 1475 2029 -
1516 1988 1715 2045 Lichae
1750 1988 1938 2060 Wnbg.
1975 1988 2138 2061 Lapp.
2174 2004 2225 2058 p.
2261 1987 2393 2050 433,
2433 1986 2582 2041 Suec.

248 2085 308 2138 p.
460 2108 472 2122 .

250 2242 298 2296 A
399 2155 645 2298 Cetrc‘zg'a
677 2159 967 2227 soepincola
1001 2164 1058 2229 β.
1098 2158 1467 2230 chlorophylla
1501 2158 1687 2215 Schaer.
1727 2158 1866 2231 Spic.
1903 2159 2089 2231 (1834)
2108 2177 2157 2231 p.
2197 2160 2327 2224 252,
2373 2158 2473 2214 Th.
2493 2158 2583 2214 Fr.

303 2246 406 2297 rct.
445 2261 496 2314 p.
605 2285 616 2296 .

396 2332 680 2473 ἔῑαΐῃεφέα
711 2332 1051 2473 uhlophyllum
1075 2331 1195 2403 Nyl.
1221 2332 1405 2389 Scand.
1424 2352 1476 2407 p.
1498 2335 1566 2388 82
1586 2337 1673 2401 (ut
1691 2334 1977 2405 subspec.),
2003 2331 2166 2407 Lapp.
2186 2333 2373 2389 orient.
2394 2351 2444 2405 p.
2466 2333 2583 2389 115.

452 2436 533 2473 ιε.
648 2425 735 2473 ten
778 2461 790 2473 .
830 2421 932 2473 101
969 2420 1017 2475 b.

431 2542 528 2607 Ad
571 2563 797 2621 ramos,
823 2544 1128 2629 praecipue
1163 2544 1568 2629 juniperinos‚
1594 2547 1779 2628 atque
1826 2545 2125 2627 praeterea
2168 2545 2247 2610 ad
2281 2542 2586 2609 Betulam

258 2648 477 2713 albam
521 2651 584 2712 et
625 2669 897 2725 nana-m,
930 2667 1252 2732 quercum,
1283 2647 1578 2725 abietem,
1616 2648 1975 2731 saepimenta
2017 2647 2253 2730 lignea,
2289 2667 2431 2712 saxa
2464 2647 2589 2711 cet.

257 2752 357 2816 sat
398 2751 684 2834 frequens
729 2750 905 2815 adest
947 2751 1147 2816 forma
1190 2750 1516 2835 primaria,
1553 2751 1792 2815 tantum
1838 2751 1902 2814 in
1947 2750 2299 2834 regionibus
2342 2752 2582 2815 austra-

257 2856 519 2921 lioribus
571 2856 833 2940 (Dania,
889 2854 1141 2940 Scania)
1196 2856 1261 2919 et
1313 2854 1577 2919 maxime
1631 2854 1984 2919 borealibus
2029 2873 2199 2930 rara,
2247 2873 2279 2919 e
2326 2854 2585 2919 summis

257 2960 504 3044 alpibus
550 2958 853 3023 exsulans.
882 2996 962 3005 —-
1012 2959 1158 3023 Var.
1204 2959 1263 3040 β.
1311 2957 1672 3042 saepimenta
1724 2957 1930 3040 lignea
1972 2957 2295 3040 regionum
2339 2976 2583 3040 campe·

258 3064 484 3128 strium
527 3062 833 3145 imprimis
878 3063 1078 3138 amat,
1110 3061 1218 3126 sed
1264 3061 1452 3126 etiam
1498 3062 1746 3126 arbores
1792 3061 2067 3145 (pinum,
2114 3060 2390 3126 betulam
2435 3059 2585 3145 cet.)

261 3167 323 3231 et
380 3185 526 3230 saxa
578 3183 698 3230 non
753 3162 936 3246 fugit.
1028 3160 1225 3242 Quam
1270 3164 1463 3230 forma
1511 3185 1571 3227 α.
1620 3166 1715 3229 est
1756 3165 1958 3228 minus
2003 3184 2146 3230 rara
2188 3159 2251 3228 in
2282 3161 2480 3227 Dania
2523 3162 2588 3226 et

259 3269 506 3354 quidem
538 3268 604 3332 in
646 3268 879 3351 campis
901 3264 1271 3351 Jyllandicis
1307 3267 1615 3351 vulgaris;
1667 3268 1728 3331 in
1774 3267 1993 3332 ceteris
2038 3268 2223 3333 terris
2267 3266 2583 3350 frequens,

260 3371 742 3457 septentrionem
782 3390 996 3436 versus
1035 3372 1242 3435 tamen
1275 3390 1608 3436 rarescens
1655 3368 1755 3435 Sic
1801 3390 1857 3435 v.
1906 3390 1957 3435 c.
2001 3372 2164 3436 lecta
2208 3372 2303 3435 est
2347 3370 2411 3434 in
2433 3369 2583 3433 Fin-

257 3475 500 3541 markia
540 3475 781 3539 tantum
829 3474 907 3538 ad
948 3473 1232 3557 Bosekop
1279 3472 1372 3557 (J.
1422 3472 1643 3556 vahl),
1688 3473 1753 3537 in
1798 3474 2181 3541 Nordlandia
2224 3474 2302 3540 ad
2347 3473 2582 3540 Gibbo-

260 3579 401 3645 stad
446 3577 540 3662 (J.
589 3577 677 3642 M.
728 3575 1038 3660 Norman)
1084 3577 1148 3641 et
1190 3576 1255 3641 in
1301 3574 1617 3641 Saltdalen
1665 3575 1981 3661 (Smrft.)‚
2028 3579 2094 3644 in
2134 3580 2409 3662 Lappon.
2456 3578 2582 3642 Lu·

256 3682 405 3747 linsi
450 3681 536 3765 pl.
582 3680 737 3746 locis
783 3679 1142 3764 (Hellbom)
1189 3681 1253 3743 et
1295 3678 1549 3745 Rossica
1591 3697 1786 3762 usque
1830 3680 1908 3744 ad
1942 3681 2116 3746 Mare
2148 3680 2409 3765 glaciale
2432 3680 2584 3765 (Ki-

259 3785 472 3860 tosta,
519 3783 743 3848 Ponoi:
790 3783 1122 3868 Fellman).
1215 3782 1478 3847 Fructus
1522 3783 1766 3846 tantum
1810 3782 1874 3846 in
1919 3781 2276 3850 Gothlunda
2317 3783 2585 3850 Nericiae

259 3886 662 3973 (Blomberg)
708 3887 771 3952 et
815 3884 1131 3951 Saltdalen
1173 3883 1571 3950 Nordlandiae
1618 3882 1901 3970 (Smrst.)
1946 3886 2243 3952 hactenus
2290 3884 2538 3969 reperti.

400 4005 601 4061 Habitu
635 4009 848 4061 externo
883 4022 1075 4074 magna
1109 4004 1261 4059 adest
1296 4004 1435 4058 inter
1470 4003 1666 4058 formas
1702 4005 1892 4059 allatas
1928 4007 2255 4070 differentia,
2291 4006 2383 4062 sed
2407 4004 2587 4060 formae

259 4094 640 4164 conjungentes
694 4094 908 4147 minime
963 4092 1168 4146 desunt.
1243 4089 1423 4155 Qualis
1457 4091 1514 4144 in
1549 4090 1636 4145 hb.
1676 4091 1803 4146 Ach.
1842 4099 2158 4150 asservatur.
2198 4126 2262 4135 —-
2299 4094 2493 4149 Forma
2526 4113 2583 4145 α.

259 4184 402 4237 inter
439 4180 713 4236 Cctrarias
749 4184 833 4235 est
866 4181 1113 4247 minima,
1150 4177 1350 4232 rosulas
1385 4178 1471 4231 vel
1505 4178 1803 4249 pulvinulos
1839 4180 2069 4236 formans
2104 4182 2190 4237 vel
2225 4197 2374 4237 secus
2409 4197 2584 4234 ramu-

260 4270 341 4324 los
395 4270 583 4334 effusa;
640 4268 862 4322 formam
896 4266 1175 4321 saxicolam
1210 4264 1379 4319 thallo
1415 4265 1643 4330 minute,
1682 4266 2246 4331 maulam-orbiculari,
2283 4267 2588 4338 apothecio-

261 4374 378 4410 rum
413 4356 558 4411 disco
595 4355 746 4409 valde
783 4356 986 4408 nitente
1022 4353 1256 4423 paullum
1293 4350 1600 4406 distinctam
1636 4353 1692 4405 in
1728 4352 1875 4407 Lich.
1913 4354 2059 4410 Aret.
2097 4373 2145 4427 p.
2185 4356 2255 4409 40
2290 4355 2586 4408 rosulatam

268 4444 670 4498 nominavimus.
744 4442 807 4495 In
842 4440 1059 4495 ramulis
1094 4439 1305 4494 Betulae
1338 4456 1497 4494 nance
1531 4440 1813 4495 admodum
1849 4442 2039 4511 pusilla
2073 4442 2349 4513 reperitur.
2389 4443 2420 4495 2
2457 4458 2583 4496 mm.

265 4531 349 4586 vix
383 4531 559 4587 altior.
617 4531 737 4584 Var.
774 4534 829 4600 β.
849 4569 862 4594 ,
901 4527 1139 4598 caespites
1173 4528 1406 4583 minutos
1450 4544 1585 4599 saepe
1621 4527 1879 4600 formans,
1927 4529 2069 4590 altit.
2110 4529 2247 4587 2—-3
2283 4544 2383 4584 cm.
2422 4528 2587 4582 attin-
