3177 5011
1773 343 1818 394 11

819 478 999 563 Quod
1028 481 1428 563 propositum
1468 484 1539 546 ut
1579 501 2122 567 consequeremur,
2171 479 2437 548 lichenes
2477 503 2605 550 non
2636 482 2838 551 solum
2874 483 2943 550 in

632 583 1086 650 diversissimis
1167 582 1609 650 Scandinaviae
1665 587 1964 667 partibus
2028 586 2356 668 diliqenter
2422 589 2909 671 conquisivimus
2925 636 2940 666 ‚

633 687 746 752 secl
786 689 974 752 etiam
1015 687 1289 771 undique
1336 688 1626 771 colliqere
1667 692 1875 755 conati
1916 710 2157 755 sumus.
2223 689 2484 755 Summa
2525 690 2944 756 benevolentia

632 790 847 854 studia
888 795 1112 854 nostra
1152 789 1557 855 sublevarunt
1600 792 1783 856 multi
1805 794 2139 877 fautores,
2187 795 2406 871 amici,
2439 794 2771 876 discipuli;
2801 795 2942 878 qui-

634 894 749 960 bus
811 894 1096 958 omnibus
1148 914 1225 959 ex
1282 895 1500 960 intimo
1538 899 1790 975 pectore
1842 899 2096 976 ⁴qratias
2148 890 2258 961 hoc
2316 896 2442 961 loco
2501 895 2681 961 liceat
2735 917 2942 978 aqere.

637 996 956 1062 Proeterea
999 1017 1237 1073 omne3‚
1284 1016 1452 1080 quoe,
1498 1002 1802 1080 quantum
1830 1000 2064 1063 scimus
2083 1048 2096 1074 ,
2132 1004 2411 1077 exstant,
2443 1000 2718 1081 majores
2754 999 2942 1064 liche-

632 1120 784 1165 num
851 1098 1452 1165 Scandinavicorum
1513 1099 1898 1165 collectiones
1936 1100 2391 1183 pervolvimus,
2457 1103 2712 1185 ideoque
2763 1122 2942 1167 nemo

628 1207 788 1267 certe
838 1201 1254 1285 lichenoloqus
1306 1204 1612 1286 maiorem
1664 1203 1819 1268 vidit
1865 1204 2171 1270 lichenum
2213 1210 2580 1271 nostrarum
2625 1211 2948 1270 terrarum

630 1308 891 1389 copiam.
987 1304 1388 1370 Paucissima
1434 1307 1494 1369 si
1536 1308 1848 1389 excipias,
1894 1310 2236 1390 specimina
2266 1308 2613 1391 oriqinalia
2641 1309 2941 1383 omnium,

632 1429 771 1492 quoe
817 1414 1136 1493 tamquam
1179 1428 1351 1473 novce
1396 1407 1567 1490 apud
1606 1431 1723 1476 nos
1753 1417 1902 1477 sunt
1918 1414 2297 1493 propositae,
2328 1413 2674 1495 specierum
2684 1410 2947 1493 sorma-

631 1534 893 1596 rumque
934 1512 1226 1577 vidimus.
1286 1511 1675 1577 Herbarium
1703 1513 2140 1580 Acharianum
2173 1517 2396 1579 iterum
2428 1517 2772 1597 iterumque
2795 1534 2950 1595 per-

632 1615 1083 1692 lustravimus‚·
1136 1634 1275 1698 quoe
1326 1615 1401 1680 de
1452 1614 1568 1679 hac
1611 1615 1959 1681 collectione
2001 1638 2221 1683 sumus
2265 1618 2561 1692 allaturi,
2608 1620 2756 1681 sunt
2802 1614 2941 1679 sal-

631 1722 749 1783 tem
791 1719 1113 1797 uberiora,
1158 1738 1347 1801 quam
1391 1738 1532 1802 quoe
1574 1724 1995 1801 exposuerunt
2038 1720 2158 1785 alii
2199 1722 2556 1803 scriptores.

810 1855 1060 1922 Novum
1107 1860 1385 1939 systema
1425 1876 1542 1921 nos
1587 1859 1657 1922 in
1698 1857 1810 1923 hoc
1853 1859 2148 1938 opusculo
2179 1860 2578 1941 periclitatos
2622 1875 2791 1934 esse,
2834 1855 2949 1919 vix

630 1980 999 2043 quemquam
1023 1959 1292 2042 suffer-it.
1383 1956 1695 2025 Plurimis
1719 1959 1968 2044 forsan
2010 1960 2295 2025 videatur
2339 1961 2642 2025 absonum
2685 1963 2742 2023 et
2783 1961 2946 2022 vete-

630 2083 735 2127 res
800 2064 1124 2143 opiniones
1196 2062 1389 2126 nimis
1450 2066 1736 2128 evertere.
1843 2061 1934 2128 At
1998 2068 2207 2129 tamen
2256 2067 2349 2128 est
2383 2062 2754 2145 fatendum,
2824 2079 2947 2124 nos

629 2165 818 2227 etiam
869 2163 1098 2245 plures
1176 2164 1549 2246 disciplinas
1624 2167 1924 2249 antiquas
2006 2185 2143 2232 esse
2216 2166 2579 2231 evertendas
2656 2164 2945 2241 credere,·

626 2286 704 2333 ne
753 2268 945 2331 nimis
999 2267 1324 2334 videamur
1370 2267 1626 2333 violenti
1678 2289 1892 2333 rerum
1948 2290 2255 2335 novarum
2318 2268 2664 2345 molitores,
2733 2266 2945 2332 satius

631 2370 929 2435 duximus
971 2376 1175 2436 cetera
1216 2373 1286 2435 in
1314 2377 1644 2453 posterum
1685 2370 1960 2453 differre.

800 2487 885 2556 In
919 2490 1255 2574 qeneribus
1282 2491 1716 2573 proponendis
1756 2492 1964 2557 media
2005 2494 2170 2558 inter
2201 2496 2478 2558 extrema
2505 2488 2809 2573 proqredi
2836 2489 2946 2553 via

630 2595 839 2658 conati
879 2613 1119 2658 sumus.
1204 2591 1270 2658 A
1313 2595 1572 2675 scriptis
1616 2596 1855 2659 nostris
1901 2596 2364 2679 antiquioribus
2415 2594 2727 2659 interdu-m
2769 2592 2947 2656 haud

568 2777 584 2791 .
620 2696 921 2778 paullum
983 2697 1376 2761 recessimus.
1488 2695 1707 2780 Neque
1775 2699 2047 2761 mirum!
2108 2698 2263 2762 Nisi
2326 2697 2540 2761 studia
2591 2697 2945 2777 pleniorem

619 2804 965 2881 procreant
1009 2800 1414 2880 coynitionem
1429 2847 1444 2877 ‚
1499 2801 1733 2864 studiis
1776 2799 2174 2864 desistamus.
2221 2838 2300 2847 —-
2356 2799 2536 2881 Quod
2577 2799 2663 2863 ad
2704 2800 2941 2880 spec-ies

629 2904 878 2978 attinet,
923 2900 1085 2966 lianc
1129 2902 1557 2983 amplectimur
1612 2901 1929 2984 requ-lam:
1971 2923 2359 2986 unaquaeque
2383 2903 2613 2986 forma
2656 2908 2748 2968 est
2775 2922 2936 2984 pro-

615 3006 779 3086 pria
830 3006 1065 3085 species
1116 3004 1426 3085 habenda,
1481 3007 1543 3071 si
1595 3006 1680 3088 (et
1722 3004 2053 3087 quamdiu)
2077 3005 2323 3088 formis
2365 3006 2671 3069 evidenter
2716 3005 2939 3069 mediis

629 3129 756 3172 non
819 3127 955 3172 esse
1015 3128 1155 3172 cum
1222 3108 1375 3172 aliis
1437 3128 1716 3173 connexa
1779 3108 2111 3187 reperitur.
2213 3107 2371 3173 Inde
2426 3113 2632 3171 tamen
2683 3109 2938 3172 minime

629 3214 909 3294 sequitur
926 3260 942 3289 ‚
996 3230 1207 3275 omnes
1258 3210 1411 3274 illas
1463 3211 1700 3292 species
1752 3229 1950 3274 novas
2003 3230 2138 3274 esse
2191 3211 2620 3292 aqnoscendas
2639 3258 2654 3288 ,
2709 3211 2936 3293 quibus

631 3313 842 3379 Flora
881 3319 1104 3378 nostra
1146 3312 1388 3377 ultimis
1432 3313 1808 3394 temporibus
1852 3315 1938 3376 sit
1979 3312 2201 3376 ditata.
2267 3312 2521 3377 Harum
2560 3315 2726 3377 enim
2765 3313 2940 3377 haud

629 3419 859 3500 exiqua
914 3437 1080 3499 pars
1132 3415 1577 3506 vacillantibus
1637 3414 2092 3497 levissimisque
2146 3418 2311 3480 notis
2361 3417 2623 3492 nititur‚·
2676 3418 2789 3480 uni
2839 3416 2937 3481 vel

619 3522 852 3603 paucis
895 3520 1335 3600 speciminibus
1376 3521 1446 3583 in
1488 3518 1811 3583 herbariis
1855 3520 2204 3582 asservatis
2245 3520 2438 3582 nimis
2481 3520 2787 3584 evidenter
2831 3518 2934 3583 de-

630 3624 769 3688 bent
817 3628 1024 3687 ortum
1078 3644 1270 3706 neque
1316 3626 1610 3687 accurato
1635 3621 2012 3704 formarum
2053 3624 2387 3686 viventium
2430 3623 2656 3687 studio.
2748 3620 2931 3704 Inqe-

628 3747 749 3791 nue
785 3724 1102 3808 fatemur,
1158 3746 1274 3791 nos
1328 3726 1645 3806 speciebus
1688 3726 1867 3788 novis
1914 3724 2107 3789 multo
2150 3726 2360 3789 minus
2404 3725 2701 3789 delectari
2742 3745 2932 3808 quam

628 3829 966 3905 veteribu3‚
1025 3832 1212 3893 antea
1264 3827 1573 3911 confusis,
1615 3827 1762 3908 jam
1816 3847 1958 3891 vero
2018 3827 2383 3908 explicati&
2434 3832 2526 3891 est
2568 3827 2747 3891 nobis
2783 3848 2931 3908 per-

630 3952 894 3997 suasum
914 3979 928 4008 ‚
996 3932 1160 3995 inter
1227 3930 1492 3995 lichenes
1558 3949 1879 4011 europoeos
1945 3929 2189 3994 sollerti
2251 3931 2536 3994 examine
2588 3932 2933 4010 specierum

613 4035 759 4116 jam
797 4035 1279 4115 propositarum
1328 4032 1521 4097 multo
1573 4034 1779 4110 maqis
1832 4052 1989 4113 opus
2043 4053 2206 4109 esse,
2270 4054 2460 4116 quam
2514 4033 2703 4097 avida
2755 4032 2929 4097 inde-

607 4137 921 4220 fessaque
968 4137 1416 4202 consectatione
1460 4135 1849 4215 formarum,
1905 4135 2129 4217 quibus
2186 4135 2589 4199 adscribatur
2632 4134 2931 4201 blandum

624 4239 788 4304 illud
852 4238 944 4304 ”n.
1009 4237 1140 4320 sp.”
1191 4276 1268 4286 —
1332 4237 1548 4322 Neque
1610 4240 1986 4302 varietatum
2048 4257 2267 4301 sitinus
2336 4242 2669 4302 amatores
2769 4237 2931 4301 Fere

625 4345 873 4408 omnino
929 4344 1312 4406 assentimur
1365 4340 1631 4405 Linnoeo
1681 4341 1941 4405 dicenti:
2000 4339 2467 4420 ”conspurcavit
2511 4340 2716 4420 maqis
2757 4338 2928 4402 bota-

623 4448 803 4510 nicen
846 4446 1223 4509 varietatum
1280 4445 1652 4509 introductio
1705 4465 1895 4526 quam
1938 4443 2075 4507 alia
2116 4462 2219 4506 res
2263 4442 2432 4518 ulla,
2476 4446 2543 4504 ut
2588 4442 2717 4504 nisi
2758 4440 2931 4504 brevi

624 4549 864 4615 medela
929 4554 1134 4615 actum
1181 4547 1427 4632 suisset
1491 4548 1564 4612 de
1628 4549 1956 4623 scientia”;
2009 4565 2261 4628 paucas
2325 4546 2521 4627 iqitur
2585 4544 2927 4624 recepimus
