3177 5011
1342 265 1465 329 429

244 433 359 479 cea,
392 415 601 486 juniora
638 416 821 472 obtuse
858 417 1181 487 marginata,
1220 416 1428 472 demum
1465 416 1790 488 planiuscula
1813 416 2226 486 immerginata),
2255 433 2416 489 sporae
2440 435 2551 473 ma.-

234 502 375 573 jores
412 506 620 575 (longit.
658 509 949 567 Ο,018--34
988 521 1139 565 mm..
1179 507 1377 559 cressit.
1415 507 1675 564 0,007—8
1712 510 1884 570 min),
1928 503 2247 575 paraphyses
2296 504 2435 559 haud
2470 505 2553 559 di-

236 595 433 646 scretae.
522 593 687 663 Supra
749 609 953 646 muscos
1006 592 1303 647 destructos
1363 594 1417 646 in
1469 593 1586 663 alpe
1642 593 1814 647 Dovre
1864 592 2138 663 Norvegiae
2185 591 2550 663 (Kindberg).”

238 679 405 748 (Nyl.)
451 710 513 721 —
562 680 706 733 Biat.
767 680 1002 733 vernalis
1037 681 1089 748 s.
1139 681 1330 733 obnata
1375 679 1459 733 Fr.
1497 679 1557 732 L.
1597 679 1654 733 Ε.
1693 698 1741 750 p.
1782 681 1883 732 263
1922 680 2126 734 ”crusta
2161 697 2336 733 crassa
2372 680 2553 734 viridi·

239 766 478 824 iuscella,
518 766 810 835 apotheciis
848 766 1107 820 immersis
1144 768 1293 834 quusi
1329 766 1640 820 urceolatis”
1678 767 1731 820 in
1769 765 1912 820 herb.
1950 767 2111 820 Fries.
2150 764 2299 820 deest
2336 767 2554 836 ideoque

241 869 342 906 non
376 855 553 922 potest
589 852 947 907 determinari.
989 885 1047 892 —
1089 853 1210 908 Leo.
1245 854 1480 907 vernalis
1515 870 1628 906 var.
1667 855 1968 922 meiocavpa
1993 853 2039 906 N
2043 853 2111 922 yl.
2142 853 2192 905 in
2221 852 2343 906 Not.
2369 853 2555 907 Sallsk.

243 957 291 1008 p.
343 940 400 992 F.
445 944 501 992 et
551 938 630 992 Fl.
677 939 735 992 F.
788 940 940 993 Foth.
991 941 1063 993 XI
1100 959 1149 1009 p.
1190 941 1293 993 186
1330 958 1428 994 sec.
1470 941 1759 1014 specimina
1795 941 2042 1011 primaria
2078 942 2186 1006 (sat
2223 941 2436 1005 misera)
2473 944 2556 995 est

242 1026 527 1096 depravata
563 1027 728 1079 forma
764 1026 1052 1081 Lecanoroe
1088 1027 1387 1096 cujusdam,
1441 1027 1798 1098 verisimiliter
1833 1027 1898 1081 L.
1936 1028 2118 1096 effitsce
2153 1047 2203 1079 α.
2240 1029 2555 1097 εανσορίᾶιζς.

259 1147 300 1153 -—
347 1113 639 1183 Apothecia
674 1113 813 1167 haud
852 1129 965 1168 raro
1000 1115 1257 1172 bicolora.
1295 1131 1450 1183 supra
1487 1113 1754 1167 obscurius
1790 1113 2043 1175 colorata,
2081 1113 2215 1168 infra
2252 1115 2414 1186 (basi)
2440 1116 2554 1186 pal·

165 1233 170 1240 ·
242 1199 375 1262 lida,
414 1217 570 1270 quare
608 1200 715 1254 haec
753 1206 877 1255 not-a
912 1201 979 1254 ad
1015 1202 1078 1254 L.
1117 1202 1406 1271 epiphoeam
1442 1200 1866 1271 distinguendam
1902 1216 2005 1254 non
2040 1202 2217 1271 potest
2249 1201 2501 1256 adhiberi.

385 1304 496 1358 obs.
536 1306 584 1358 3.
659 1304 736 1359 De
775 1306 982 1359 nomine
1019 1305 1300 1359 Liunaeano
1336 1304 1568 1359 conferas
1604 1305 1751 1361 Lich.
1790 1306 1932 1359 Aret.
1970 1323 2019 1376 p.
2050 1305 2168 1358 192.
2224 1306 2419 1360 Postea
2439 1324 2555 1377 spe-

244 1392 413 1445 cimen
451 1391 702 1461 originale
739 1394 794 1446 in
832 1393 975 1447 herb.
1012 1393 1293 1446 Linnaeano
1330 1393 1558 1462 contigit
1594 1392 1900 1447 examinare.
1962 1391 2043 1445 Ad
2068 1395 2303 1447 nostram
2328 1393 2555 1464 speciem

244 1480 500 1549 pertinet,
549 1479 649 1532 etsi
702 1496 803 1533 nou
848 1484 932 1533 est
967 1479 1134 1534 forma
1169 1480 1559 1550 vulgatissima,
1599 1479 1691 1533 sed
1726 1479 2016 1549 apotheciis
2053 1478 2209 1533 solito
2245 1479 2556 1534 obscuriori·

248 1565 340 1619 bus
394 1565 763 1634 (adultioribus
809 1565 962 1619 siccis
1016 1566 1123 1620 fere
1169 1566 1613 1635 atrosanguinei3‚
1657 1564 1951 1633 junioribus
1986 1564 2321 1620 dilutioribus
2357 1569 2415 1619 et
2450 1565 2558 1620 fere

246 1653 563 1723 pellucidis).
638 1654 824 1707 Partes
874 1653 1093 1706 internae
1144 1653 1286 1707 nullo
1334 1658 1489 1723 pacto
1534 1653 1814 1716 differunt,
1854 1652 1954 1705 nisi
1991 1652 2129 1721 quod
2167 1654 2306 1707 color
2343 1653 2558 1707 caerule-

245 1758 392 1795 scens
441 1740 564 1810 jodo
621 1743 931 1811 provocatus
986 1740 1185 1794 diutius
1239 1740 1476 1810 persistit
1531 1741 1855 1793 immutatus.
1899 1770 1960 1777 ——
2001 1738 2189 1792 Omnia
2224 1740 2288 1792 L.
2326 1740 2560 1794 vernalis

245 1828 531 1898 specimina.
565 1829 618 1882 in
658 1826 799 1881 herb.
838 1827 965 1881 Ach.
1006 1830 1088 1881 est
1125 1830 1303 1880 nostra
1338 1826 1538 1896 species
1560 1866 1573 1889 ,
1620 1827 1771 1879 unico
1807 1826 2072 1880 Bilimbiae
2104 1826 2419 1895 sphaeroidzzs
2454 1827 2559 1880 for-

242 1916 383 1969 tuito
422 1916 677 1969 immixto.

611 2110 636 2141 ¹⁸¹
670 2111 733 2168 L.
825 2109 1210 2183 (BIATORA)
1256 2108 1614 2169 HELVOLA
1658 2109 1891 2184 (Korb.)
1939 2110 2046 2169 Th.
2095 2111 2191 2169 Fr.

418 2263 640 2327 Crusta
694 2263 928 2339 teme-ie,
976 2260 1197 2334 effusa,
1239 2258 1595 2340 gyra-nulum
1638 2258 1734 2322 vel
1772 2257 2482 2340 yranuloso-pulverea,
2529 2278 2561 2321 e

245 2367 441 2431 viridi
484 2369 731 2431 cinerea
775 2365 873 2428 vel
915 2362 1445 2456 cinereo-albidffi
1477 2363 1797 2446 apothecia
1825 2364 2081 2440 adnata,
2102 2363 2387 2444 primum
2408 2360 2561 2442 pla-

244 2470 540 2535 muscula
585 2469 697 2535 sed
737 2468 1223 2548 immaryinata‚
1270 2488 1526 2531 ceracea
1569 2464 1668 2533 vel
1713 2465 1962 2548 pallide
2004 2486 2268 2542 carnea,
2315 2464 2561 2529 demum

245 2572 688 2653 semialobosffi
765 2570 1010 2635 helvola
1080 2570 1177 2634 vel
1248 2570 1670 2651 rufescentia;
1747 2589 1941 2653 sporae
2016 2569 2389 2653 ellipsoideae
2464 2567 2563 2633 vel

246 2675 562 2757 oblongae,
608 2676 962 2747 mediocres.

387 2810 525 2878 Syn.
598 2810 832 2864 Biatora-
867 2808 1102 2862 vernalis
1137 2825 1248 2862 var.
1288 2808 1460 2875 effusa
1497 2806 1580 2859 Fr.
1621 2806 1670 2859 S.
1708 2807 1769 2859 V.
1807 2807 1885 2860 Sc.
1924 2825 1975 2877 p.
2014 2809 2132 2860 112.

387 2898 620 2951 Biatora
655 2897 862 2950 helvola
899 2894 1057 2948 Korb.
1096 2894 1150 2948 in
1186 2893 1386 2955 sched.,
1427 2893 1598 2947 Hellb.
1637 2894 1754 2948 Vet.
1794 2894 1889 2947 Ak.
1927 2894 2081 2948 Foth.
2124 2894 2257 2947 1867
2296 2912 2342 2964 p.
2383 2894 2501 2945 271.

388 2983 524 3036 Exs.
598 2984 656 3037 L.
694 2983 776 3038 Su.
818 2985 933 3036 225.

423 3106 517 3169 Ad
574 3106 864 3170 corticem
923 3104 1160 3170 abietis.
1251 3100 1602 3185 Specimina
1655 3103 1785 3167 visa
1843 3123 1875 3166 e
1923 3102 2183 3167 Suecia:
2237 3101 2564 3184 Blekingia

253 3210 693 3291 (Eringsbodaz
753 3211 829 3273 H.
889 3207 1104 3281 Fano,
1162 3206 1514 3271 Smolandia
1570 3207 1876 3290 (Femsjoz
1936 3206 2006 3269 E.
2066 3205 2234 3288 Fr.)‚
2279 3206 2559 3283 Westro-

252 3312 466 3394 gothia
521 3310 957 3393 (Kinnekullez
1020 3307 1258 3383 Hellb.‚
1316 3308 1688 3373 Kallandsoz
1737 3310 1804 3373 F.
1855 3307 2154 3392 Graewe),
2201 3305 2565 3370 Dalslandia

252 3414 673 3499 (Tisselskogz
741 3413 803 3477 J.
875 3410 1205 3493 Hulting)‚
1276 3412 1524 3476 Nericia
1592 3411 1885 3494 (passim,
1955 3410 2062 3473 cfr.
2139 3408 2344 3473 Hellb.
2413 3409 2560 3473 Ner.

252 3520 503 3600 Lafveg.
570 3538 629 3600 p.
701 3520 850 3598 69),
920 3513 1448 3578 Westmanlandia
1515 3513 1829 3597 (Arboga)
1897 3514 1960 3577 et
2017 3511 2566 3577 Sudermanlandia

257 3622 668 3704 (Westermoz
717 3618 786 3683 O.
836 3618 910 3682 G.
959 3618 1359 3701 Blomberg);
1419 3637 1449 3682 e
1500 3618 1852 3699 Norveyz'a:
1910 3617 2281 3681 Christiania
2326 3616 2437 3700 (N.
2486 3615 2560 3679 G.

255 3725 461 3809 Moe),
517 3723 736 3806 Bjerke
790 3722 926 3805 (hb.
990 3720 1268 3805 Smrft.);
1316 3741 1348 3784 e
1395 3721 1682 3785 Feronia:
1734 3720 2029 3785 Mustiala
2073 3714 2203 3804 (sat
2245 3720 2562 3803 frequens:

256 3829 329 3892 A.
379 3826 725 3905 Knllhem).

398 3980 541 4033 Inter
593 3978 659 4032 L.
715 3979 978 4032 vernalem
1025 3980 1082 4031 et
1122 3977 1401 4046 sylvanum
1446 3976 1596 4046 quasi
1639 3974 1839 4037 media,
1891 3974 1982 4028 sed
2018 3975 2070 4028 in
2108 3975 2254 4029 illam
2290 3975 2375 4029 vix
2411 3972 2566 4028 dubie

258 4069 467 4122 omnino
505 4067 776 4120 transiens.
828 4094 895 4105 —
933 4064 1224 4134 Apothecia
1259 4065 1448 4125 0,3—6
1489 4080 1610 4116 mm.
1650 4062 1783 4124 lata,
1821 4062 2085 4117 interdum
2122 4062 2271 4131 plura
2307 4060 2565 4116 confluen-

257 4158 348 4211 tia.
422 4153 728 4224 Excipulum
765 4151 1031 4222 pallidum.
1093 4150 1478 4221 Hypothecium
1516 4138 1876 4203 incoloratu'm.
1938 4149 2265 4219 Parapbyses
2302 4152 2567 4215 conuatae,

257 4246 382 4297 totae
437 4241 733 4295 incoloretae
786 4256 831 4292 v.
888 4238 1201 4293 dilutissime
1256 4237 1623 4304 flavescenteS,
1667 4236 1814 4306 apice
1863 4236 2226 4290 subincolores.
2300 4236 2424 4289 Asci
2461 4236 2566 4290 cla-

257 4332 383 4386 vati.
455 4329 626 4400 Sporae
677 4331 971 4391 Ο,009-17
1025 4341 1148 4377 mm.
1195 4325 1362 4394 longae
1398 4327 1455 4377 et
1488 4325 1820 4387 0‚0040·-45
1860 4340 1981 4376 mm.
2021 4339 2217 4376 crassae.
2291 4322 2424 4376 Jodo
2460 4321 2566 4391 pti-

259 4436 400 4471 mum
456 4416 768 4477 caerulescit,
826 4413 948 4467 dein
997 4411 1104 4466 asci
1159 4412 1335 4466 vinose
1391 4411 1711 4471 violascunt,
1759 4409 1993 4478 apicibus
2030 4409 2253 4463 colorem
2292 4408 2568 4462 caeruleum

261 4502 601 4558 servantibus
674 4492 725 4556 K
761 4501 844 4556 vel
880 4499 1000 4570 ΝΟ,
1037 4499 1199 4553 alium
1236 4498 1459 4552 colorem
1496 4513 1597 4551 non
1635 4495 1891 4550 tribuunt.
