3177 5011
1716 200 1838 267 596

800 351 897 419 Ad
963 353 1222 420 cortices
1291 353 1416 421 fere
1483 350 1757 420 omnium
1813 353 2130 430 arborum,
2199 351 2370 438 ligna
2424 351 2587 420 nuda
2639 354 2756 420 etc.
2812 352 2963 419 fere

628 456 854 540 ubique
922 477 1030 541 per
1096 458 1296 522 totum
1360 457 1737 522 territorium
1807 459 1975 541 viget
2028 457 2226 539 forma
2278 478 2370 533 a.‚
2426 458 2609 523 etiam
2665 458 2740 522 ad
2787 476 2967 522 sm

629 560 1015 643 granitoidea
1077 561 1239 625 haud
1293 580 1448 626 rara.
1539 562 1751 646 Neque
1797 561 2134 645 Polyporos
2179 563 2480 638 vetustoS‚
2524 563 2753 626 terram
2801 562 2959 625 tur·

628 662 856 742 fosam,
922 664 1270 747 graminum
1326 664 1606 748 caespites
1651 666 1991 738 emortuos,
2039 665 2271 729 corium
2317 667 2623 730 vetustum
2668 666 2783 729 etc.
2844 664 2957 728 fu-

631 767 755 850 git,
823 769 1126 853 praecipue
1187 767 1247 831 in
1303 767 1654 851 regionibus
1709 768 2078 852 alpestribus
2122 758 2605 852 borealibusque.
2657 804 2738 817 —
2782 768 2953 831 Var.

629 871 690 950 β.
738 870 1024 950 cortices,
1083 872 1387 955 praecipue
1444 871 1616 946 Pini,
1658 871 1833 935 basin
1888 873 2242 936 truncorum
2290 890 2527 949 versuS,
2575 871 2816 955 diligit,
2871 871 2955 936 ad

632 990 777 1036 saxa
820 992 1010 1056 prope
1056 973 1490 1040 Christianiam
1538 975 1883 1059 (Kampenz
1943 975 2019 1039 N.
2069 973 2144 1040 G.
2192 973 2365 1058 Moe)
2409 975 2591 1039 simul
2639 975 2822 1040 lecta.
2868 1011 2955 1022 —

632 1074 778 1138 Var.
838 1097 893 1155 γ.
952 1077 1377 1142 tantummodo
1433 1076 1508 1142 ad
1553 1097 1736 1162 rupes
1782 1078 1995 1142 insulae
2042 1076 2423 1161 Sjaaholmen
2468 1097 2596 1162 par.
2642 1078 2959 1161 Naesseby

632 1178 992 1262 Varangriae
1035 1179 1319 1264 legimus.

770 1297 1148 1368 Vulgatissima
1183 1300 1366 1370 planta
1400 1300 1619 1371 ideoque
1664 1300 1803 1357 haud
1848 1300 2080 1371 paullum
2129 1299 2357 1364 vatiaum
2405 1299 2579 1369 plures
2614 1297 2955 1369 distinguere

633 1383 833 1465 species
887 1384 1083 1441 frustra
1131 1388 1304 1441 conati
1351 1391 1473 1442 sunt
1515 1392 1769 1443 auctores..
1820 1418 1879 1431 -
1919 1388 2108 1442 Crustu.
2143 1371 2218 1440 Ca
2236 1372 2296 1441 Cl
2334 1402 2435 1440 non
2473 1388 2732 1451 mutatum
2778 1386 2954 1440 etiam

633 1469 685 1523 Κ
720 1470 854 1525 nihil
888 1472 1027 1541 agit,
1066 1474 1169 1527 nisi
1205 1474 1427 1530 colorem
1465 1477 1519 1529 in
1557 1475 1761 1530 sordide
1801 1474 2172 1528 fuscescentem
2211 1477 2396 1526 mutat.
2469 1472 2857 1527 Tantummodo
2898 1473 2953 1526 in

632 1576 679 1626 y.
715 1557 900 1611 habitu
935 1559 1208 1614 recedente
1246 1564 1301 1615 et
1336 1562 1508 1616 forsan
1556 1560 1808 1614 distincta
1848 1561 2043 1631 specie,
2099 1561 2200 1614 etsi
2249 1560 2570 1614 sufficientes
2604 1576 2705 1612 non
2742 1558 2955 1612 inventi

637 1644 990 1710 charactereS,
1056 1650 1231 1702 crusta
1284 1633 1333 1702 k
1377 1648 1609 1702 latescit.
1663 1679 1727 1687 -
1766 1647 2056 1719 Apothecia
2091 1647 2248 1719 vulgo
2282 1664 2580 1709 numerosa,
2620 1645 2955 1716 planiuscula

636 1729 721 1786 vel
756 1731 1038 1797 tumidula,
1076 1737 1270 1799 O,2—6
1309 1753 1430 1789 mm.
1469 1736 1592 1789 lata.
1649 1735 1952 1805 Excipulum
1990 1737 2259 1806 capulare,
2299 1734 2643 1789 fusco-atrum
2669 1732 2753 1786 vel
2781 1733 2951 1802 nigri-

638 1834 789 1883 cans;
829 1819 1203 1889 hypothecium
1242 1822 1609 1892 nigrofuscum.
1683 1822 2012 1893 Paraphyses
2055 1822 2164 1876 laxe
2202 1822 2544 1881 cohaerentem
2590 1820 2737 1889 apice
2774 1818 2952 1872 fusco·

636 1907 879 1974 capitatae
916 1907 997 1962 vel
1037 1909 1302 1974 -olavatae3
1341 1908 1449 1963 asci
1485 1908 1694 1962 clavati.
1767 1908 1939 1978 Sporae
1975 1913 2199 1971 octonae,
2257 1907 2573 1980 ellipsoideae
2607 1923 2657 1959 v.
2694 1906 2952 1975 oblongo-

636 1991 976 2061 ellipsoideae,
1032 1996 1204 2063 medio
1258 1996 1397 2050 haud
1452 2012 1566 2049 raro
1611 1995 1841 2065 paullum
1878 1998 2195 2058 constrictae,
2242 1996 2490 2064 utrinque
2524 1993 2684 2063 vulgo
2719 1993 2953 2059 obtem,

638 2078 916 2148 dyblastae‚
956 2081 1473 2151 fusco-nigricantes,
1510 2084 1806 2145 0,009—16
1846 2100 1970 2137 mm.
2008 2083 2174 2153 longae
2210 2086 2265 2136 et
2299 2084 2558 2146 0,004—8
2585 2097 2706 2134 mm.
2732 2096 2951 2143 erassae;

638 2167 691 2219 in
724 2187 771 2239 y.
809 2169 1103 2229 O‚013--16
1141 2185 1264 2222 mm.
1302 2169 1468 2239 longae
1505 2172 1559 2223 et
1594 2172 1853 2231 Ο,006-8
1894 2187 2013 2223 mm.
2053 2187 2247 2224 cmssae.

779 2258 891 2312 obs.
934 2258 975 2310 1.
1049 2257 1201 2311 Locis
1251 2258 1421 2311 minus
1474 2257 1645 2310 solitis
1696 2274 1854 2327 quum
1907 2260 2165 2322 nascitur,
2214 2250 2438 2329 propriis
2475 2255 2772 2310 nominibus
2810 2252 2951 2308 haud

638 2359 753 2395 raro
790 2342 1020 2397 salnmta
1056 2347 1153 2399 est.
1223 2343 1509 2397 Saxicolam
1547 2346 1807 2415 accepisse
1845 2363 2030 2399 nomen
2067 2346 2136 2399 B.
2173 2346 2486 2415 smyrnam,
2530 2342 2639 2410 jam
2678 2358 2833 2411 supra
2870 2342 2951 2394 in-

640 2429 887 2483 dicatum.
946 2461 1010 2471 —
1063 2432 1184 2485 Var.
1231 2439 1283 2504 β.
1330 2432 1397 2486 ad
1441 2432 1672 2501 parietes
1716 2431 1917 2501 ligneos
1954 2448 2189 2487 crescens
2223 2434 2277 2486 in
2326 2432 2424 2484 Zw.
2464 2448 2513 2484 n.
2551 2431 2656 2482 400
2692 2430 2835 2482 dicta
2870 2432 2954 2480 est

640 2518 862 2571 Ruellia
896 2526 1183 2588 eorruyata
1221 2526 1346 2585 (non
1384 2519 1632 2589 primaria
1667 2517 1910 2582 Kerberi)
1947 2519 2229 2588 eodemque
2266 2518 2473 2573 nomine
2509 2516 2647 2586 apud
2681 2533 2776 2569 nos
2812 2514 2952 2568 haud

642 2621 758 2658 raro
793 2603 895 2658 fuit
931 2605 1223 2674 designata.
1273 2636 1335 2645 —-
1387 2606 1552 2676 Supra
1598 2623 1826 2665 muscos,
1874 2607 2084 2677 caepites
2120 2605 2344 2675 foliaque
2381 2607 2618 2658 emortua
2653 2607 2754 2656 etc.
2806 2602 2951 2664 (Leo.

639 2692 1013 2760 punctzformis
1063 2715 1109 2764 y.
1165 2692 1446 2751 nztcscicola
1493 2691 1646 2762 Hepp
1681 2710 1782 2746 exs.
1822 2694 1950 2757 318)
1997 2693 2049 2746 in
2082 2691 2375 2746 borealibus
2411 2692 2466 2744 et
2501 2689 2691 2762 alpinis
2729 2690 2950 2759 passim,

639 2785 890 2848 praeterea
927 2780 1131 2850 parcius
1161 2784 1233 2846 (v.
1272 2796 1315 2833 o.
1355 2778 1703 2848 Trondhjeni,
1744 2765 1877 2848 &jen
1915 2778 2401 2841 Gudbrandsdaliae.
2453 2776 2705 2847 Upsaliae,
2743 2775 2949 2828 Kaitais

640 2866 1047 2931 Tavastlandiae)
1103 2868 1285 2937 vigens
1339 2866 1617 2935 apothecia
1669 2867 1870 2936 profert
1914 2868 2068 2938 vulgo
2113 2867 2312 2919 minora
2355 2864 2485 2933 (fere
2531 2862 2950 2933 punctiformia),

641 2953 964 3024 planiuscula
1015 2955 1099 3009 vel
1153 2954 1478 3024 subglobosa.
1563 2951 1730 3021 Hujus
1768 2970 1931 3023 sporae
1967 2954 2126 3007 etiam
2165 2953 2321 3023 vulgo
2359 2951 2532 3022 paullo
2570 2950 2820 3011 minores,
2858 2949 2947 3002 sed

640 3041 771 3094 nulli
824 3040 1016 3094 adsunt
1068 3041 1282 3095 limites
1356 3039 1537 3105 Qualis
1592 3039 1727 3109 apud
1782 3056 1874 3094 nos
1928 3043 2195 3095 nominata
2239 3044 2323 3094 est
2370 3039 2488 3093 Leo.
2525 3039 2865 3107 mmiocmpu
2892 3037 2945 3104 s.

633 3128 882 3197 foliicola
935 3126 1056 3196 Nyl.
1110 3128 1272 3198 Lapp.
1321 3144 1393 3180 or.
1432 3145 1481 3196 p.
1519 3127 1649 3189 163,
1698 3128 1944 3182 recedens
1982 3127 2132 3181 modo
2169 3128 2395 3180 statione
2434 3125 2617 3194 ”supra
2652 3123 2779 3177 folia.
2814 3123 2951 3176 sicca

641 3214 923 3284 Junipori”,
980 3218 1036 3269 et
1062 3215 1115 3284 f.
1160 3214 1512 3285 yramim'cola
1556 3213 1675 3283 Nyl.
1716 3214 1751 3266 l.
1790 3231 1830 3267 c.
1871 3230 2025 3285 supra
2058 3215 2295 3285 gramina
2330 3213 2619 3273 destructa,
2659 3209 2948 3281 apotheeiis

643 3302 888 3362 minutis»,
954 3302 1148 3370 planis„
1216 3301 1446 3356 tenuiter
1513 3301 1846 3370 marginatis),
1915 3302 2081 3371 sporis
2141 3301 2438 3366 O‚009—12
2496 3313 2617 3351 mm.
2671 3297 2844 3366 longis
2894 3301 2949 3350 et

642 3392 902 3454 0,004--7
944 3404 1066 3443 mm.
1107 3389 1307 3442 crassis.
1353 3417 1403 3427 —
1447 3387 1530 3441 Ad
1565 3391 1759 3441 terram
1795 3388 2011 3451 nudam,
2050 3387 2291 3457 argillam
2319 3390 2417 3441 etc.
2443 3387 2593 3444 nata,
2620 3384 2791 3454 qualis
2815 3383 2948 3454 apud

643 3492 735 3529 nos
769 3476 824 3528 in
861 3474 1046 3528 Wiimo
1082 3475 1392 3545 Blekingioe‚
1439 3473 1505 3528 ad
1542 3473 1898 3545 Helsingborg
1933 3478 2031 3529 etc.
2069 3474 2230 3535 lecta.
2270 3475 2353 3526 est
2385 3471 2606 3525 Buellia
2646 3472 2949 3526 ericetoraemz

643 3562 798 3616 Korb.
838 3562 932 3631 Pg.
970 3579 1018 3631 p.
1057 3562 1184 3623 185,
1225 3561 1367 3615 nullo
1403 3558 1557 3615 modo
1592 3576 1624 3613 a
1658 3559 1863 3629 vulgari
1899 3559 2156 3614 differens,

784 3651 898 3704 θῦε.
934 3647 984 3701 2.
1057 3648 1275 3701 Veteres
1328 3651 1592 3708 auctores»,
1649 3646 1837 3716 quibus
1882 3647 2209 3716 microscopii
2243 3663 2368 3699 usus
2404 3662 2505 3699 non
2540 3642 2781 3714 patebat,
2818 3644 2949 3698 hauc

644 3753 746 3789 non
783 3735 1005 3789 valuisse
1041 3734 1107 3788 ab
1143 3734 1261 3787 aliis
1296 3732 1625 3787 Lecideaceis
1650 3734 1939 3804 apotheciis
1964 3735 2138 3804 parvis
2162 3733 2329 3802 nigris
2352 3732 2585 3801 praeditis
2609 3730 2944 3799 distinguere,

646 3826 726 3877 vix
764 3823 1005 3892 cuiquam
1042 3822 1245 3874 mirum.
1321 3819 1513 3889 Magna.
1555 3837 1610 3874 re
1650 3837 1770 3874 vera
1806 3820 1957 3874 adest
1993 3824 2227 3874 veterum
2266 3834 2665 3889 synonymorum
2702 3817 2945 3870 confusio.

645 3910 871 3965 Leo-idea
897 3925 1192 3978 parasema
1225 3929 1264 3978 y¹
1300 3911 1567 3976 punctata
1612 3906 1739 3960 Aah.
1778 3906 1941 3960 Meth.
1978 3924 2024 3976 p.
2064 3907 2158 3968 36,
2210 3906 2313 3959 Vet
2362 3904 2458 3957 Ak.
2500 3903 2686 3957 Handl.
2726 3904 2865 3956 1808
2898 3922 2944 3974 p.

647 3999 777 4060 260,
835 3996 985 4051 Univ.
1029 4014 1077 4066 p.
1116 3995 1244 4058 176,
1300 3993 1419 4063 Syn.
1469 4012 1521 4064 p.
1562 3994 1628 4046 17
1666 3992 1767 4046 huc
1803 3995 1959 4061 vulgo
1996 3992 2227 4055 ducitur,
2285 3991 2372 4045 sed
2421 3993 2474 4045 in
2512 3991 2675 4061 ipsius
2712 3990 2945 4044 herbario

645 4085 912 4139 miscel-am
950 4083 1208 4136 variarum
1246 4081 1533 4150 specierum
1571 4080 1829 4133 continet:
1882 4080 1951 4132 B.
1980 4095 2325 4148 para-somam
2361 4078 2417 4138 <6
2453 4077 2721 4145 exempl.)‚
2763 4079 2944 4146 myrio-

643 4190 867 4241 carpam
912 4172 967 4234 (1
1017 4168 1099 4222 vel
1149 4170 1230 4233 2),
1283 4167 1541 4221 Schaereri
1586 4167 1692 4237 (2),
1747 4167 2046 4220 albeatram
2092 4167 2198 4236 (2),
2253 4164 2529 4219 Lecideam
2566 4163 2947 4218 ela-oclnwnam

645 4261 729 4324 (4)
766 4261 822 4313 et
856 4272 1253 4323 maerocarpam
1292 4254 1593 4323 lignicolam
1631 4254 1738 4321 (1),
1778 4253 2091 4308 Armeniam
2122 4252 2505 4320 putellulatam
2541 4252 2620 4316 (1)
2657 4255 2756 4304 etc.
2831 4251 2945 4315 Qum

648 4363 806 4416 quum
844 4346 921 4399 ita
957 4345 1092 4410 siut,
1129 4341 1387 4395 noluimus
1424 4357 1611 4395 nomen
1640 4346 1912 4409 punctatae
1947 4339 2222 4401 adhibere,
2261 4339 2514 4409 praecipue
2544 4354 2701 4406 quum
2728 4337 2855 4406 quid
2878 4338 2945 4391 xit

647 4433 924 4508 primarius
966 4430 1164 4485 Lichen
1202 4433 1497 4497 punctatus
1550 4426 1698 4497 Scop.
1748 4427 1956 4481 omnino
1994 4427 2064 4480 sit
2098 4426 2368 4481 incertum.
2412 4456 2467 4464 -
2511 4424 2627 4478 Lec.
2660 4441 2945 4492 para-sema
