3177 5011
1821 315 1860 383 2

683 494 826 542 sane
882 473 1300 560 gravissimis)
1366 473 1517 542 adeo
1563 475 1839 541 diversas
1894 474 2215 559 amplecti,
2274 476 2345 540 ut
2415 473 2556 540 illas
2621 473 2686 539 in
2749 471 3021 537 eandam

683 580 947 645 classem
1001 578 1235 643 frustra
1285 597 1575 643 conemur
1628 579 1958 643 intrudere.
2057 578 2329 643 Nomina
2381 578 2576 661 igitur
2630 574 2892 658 ''Myce”
2950 577 3026 640 et

685 681 982 765 ’'Fumi”
1029 702 1061 748 e
1107 681 1567 746 nomenclatura
1623 683 2020 766 systematica
2081 681 2365 745 videntur
2410 679 2786 745 excludenda
2838 677 3024 742 aliis-

683 805 800 868 que
847 786 1153 850 limitibus
1201 784 1682 868 circumscriptae
1735 784 1961 849 classes
2017 785 2445 867 proponendae.
2536 783 2753 865 Neque
2802 782 3023 845 tamen

684 888 835 953 adeo
890 906 1100 953 sumus
1154 887 1447 963 audaces,
1501 890 1574 952 ut
1630 906 1852 951 novam
1906 887 2064 951 hanc
2120 887 2584 969 dispositionem
2629 885 2749 967 ipsi
2806 886 3022 948 tente-

684 1010 852 1065 mns;
900 1009 1085 1074 quam
1129 1008 1261 1053 rem
1306 989 1526 1053 harum
1570 989 1927 1072 plantarum
1980 989 2323 1054 cultoribus
2370 990 2573 1073 magis
2619 987 2835 1070 peritis
2879 989 3022 1050 tra-

683 1093 906 1158 dimus.
995 1092 1067 1156 Id
1111 1091 1295 1157 modo
1342 1092 1457 1156 hoc
1501 1091 1638 1156 loco
1683 1091 1968 1156 volumus
2014 1092 2278 1169 dictum,
2326 1090 2855 1156 evidentissimum
2897 1108 3022 1153 no-

682 1196 779 1260 bis
844 1194 1070 1271 videri,
1137 1193 1574 1277 Ascomycctes
1632 1194 1816 1276 atque
1875 1192 2179 1258 Le'chenes
2246 1194 2350 1277 (ut
2394 1194 2525 1276 jam
2584 1193 2823 1258 monuit
2876 1190 3018 1256 Cel.

685 1296 1042 1382 Schleiden)
1109 1295 1188 1361 ad
1253 1315 1439 1360 unam
1502 1296 1812 1379 pertinere
1880 1295 2171 1374 classem,
2242 1297 2652 1379 sporocarpiis
2712 1295 3022 1378 ascigeris

682 1401 1002 1483 sporisqne
1061 1399 1456 1483 generatione
1512 1399 1711 1464 libera
1764 1399 1919 1463 ortis
1972 1417 2009 1463 a
2061 1399 2284 1463 ceteris
2344 1398 2584 1464 abunde
2630 1399 3019 1464 distinctam.

681 1501 852 1567 Adeo
896 1500 1197 1567 naturalis
1241 1504 1425 1585 atque
1470 1521 1507 1566 a
1550 1502 1772 1567 ceteris
1816 1503 2056 1567 remota
2097 1501 2230 1566 haec
2275 1502 2371 1565 est
2405 1501 2650 1578 classis,
2683 1500 2849 1565 utin
2893 1499 3020 1562 dn-

681 1604 855 1669 bium
897 1604 1145 1688 quidem
1187 1605 1387 1688 possit
1432 1605 1667 1682 voc-ari,
1714 1624 1892 1682 num,
1940 1606 2009 1668 nt
2053 1603 2252 1668 adhuc
2297 1603 2397 1679 fit,
2456 1604 2789 1668 secundum
2833 1603 3023 1665 notas

684 1726 717 1772 e
772 1709 1053 1791 partibus
1115 1706 1525 1790 vegetationis
1594 1707 1950 1791 desumptas
2001 1707 2066 1771 in
2119 1706 2269 1771 duas
2325 1707 2607 1771 cohortes
2660 1705 2857 1790 possit
2913 1723 3017 1768 se-

675 1828 876 1893 Jussgl·
1240 1876 1247 1889 ,

854 1909 950 1975 Ad
1015 1909 1383 1994 Asc-ephyra
1446 1931 1594 1976 num
1661 1915 1745 1978 sit
1796 1910 2008 1996 planta
2063 1909 2387 1976 referenda
2439 1926 2627 1974 necne
2683 1893 2769 1993 (si
2826 1907 3018 1972 modo

683 2014 777 2077 est
819 2013 937 2077 rite
996 2012 1303 2099 evoluta),
1371 2014 1532 2079 serio
1599 2034 1935 2098 numquam
1996 2014 2203 2099 potest
2269 2011 2558 2077 dubitari.
2648 2010 2851 2076 Aliter
2909 2029 3019 2074 res

685 2134 816 2180 sese
895 2114 1115 2193 habet,
1196 2136 1384 2200 quum
1469 2117 1545 2181 de
1613 2114 1919 2180 limitibus
1993 2117 2467 2200 Ascomycetum
2545 2114 3012 2196 Lichenumque

685 2218 913 2300 agitur.
1012 2217 1249 2301 Negari
1313 2220 1475 2283 enim
1542 2237 1665 2284 non
1717 2217 1907 2297 licet,
1963 2219 2166 2283 totum
2231 2217 2514 2282 habitum
2578 2219 3014 2298 texturamque

681 2320 1092 2404 plurimarum
1148 2319 1224 2386 ad
1275 2340 1462 2385 unam
1508 2321 1844 2387 alteramve
1897 2320 2211 2385 cohortem
2267 2320 2606 2385 relatarum
2662 2318 3016 2401 specierum

680 2423 831 2488 adeo
885 2420 1127 2500 differe,
1183 2424 1256 2487 ut
1303 2423 1531 2507 ubique
1587 2425 1895 2489 terrarum
1947 2423 2228 2488 homines
2288 2422 2477 2487 etiam
2522 2423 2726 2487 minus
2781 2420 3014 2485 eruditi

672 2524 821 2591 'illas
888 2525 1149 2590 diversis
1215 2524 1677 2609 designaverint
1738 2527 2107 2592 nominibus.
2204 2525 2295 2590 Ex
2360 2525 2557 2590 altera
2619 2543 2763 2590 vero
2830 2526 3012 2608 parte

680 2648 872 2694 vanus
918 2630 1013 2693 est
1065 2628 1270 2703 labor,
1330 2629 1383 2693 si
1439 2647 1733 2694 conamur
1785 2629 2016 2705 celare,
2082 2627 2200 2692 hoc
2267 2627 2625 2693 deformis
2681 2627 3011 2710 utriusque

679 2730 889 2814 gregis
971 2732 1201 2814 optime
1289 2731 1553 2797 evolutis
1640 2730 1899 2815 ideoque
1972 2729 2335 2815 longissime
2423 2730 2679 2796 remotis
2761 2731 3013 2794 tantum

679 2850 857 2915 posse
924 2834 1257 2910 enuntiari;
1326 2834 1648 2899 inferiores
1701 2833 1851 2899 adeo
1918 2835 2063 2898 sunt
2112 2834 2410 2909 confines,
2467 2833 2540 2896 ut
2594 2834 2787 2897 unica
2844 2832 3014 2897 inter

675 2934 977 3000 Lichenes
1020 2936 1576 3022 Ascomycetesque
1619 2939 1767 3002 nota
1807 2934 2173 3021 disjunctiva
2219 2936 2283 3000 in
2327 2935 2656 3020 praesentia
2686 2935 3014 3001 defectuve

678 3036 1072 3119 gonidiorum
1118 3039 1201 3104 sit
1233 3040 1578 3123 quaerenda.
1649 3037 1834 3123 Cujus
1869 3038 1960 3102 rei
1988 3037 2316 3103 veritatem
2351 3057 2722 3121 quamquam
2752 3035 3017 3121 plurimi

677 3138 785 3223 (ne
841 3138 1043 3205 dicam
1093 3141 1335 3225 omnes)
1386 3140 1764 3223 lichenologi
1818 3140 2161 3205 concedunt
2232 3139 2714 3223 defenduntque,
2768 3142 3016 3222 tamen,

678 3243 820 3307 aliis
863 3245 1028 3308 notis
1072 3243 1227 3322 nixi,
1273 3243 1618 3309 lichenibus
1663 3242 1973 3308 interdum
2018 3242 2498 3307 adnumeravere
2544 3244 2779 3326 specics
2825 3245 3011 3326 goni-

677 3345 929 3411 diiferas
980 3365 1316 3429 numquam
1369 3346 1554 3412 visas.
1643 3345 1719 3410 Id
1771 3363 1947 3424 ver0,
2002 3344 2068 3409 ni
2119 3343 2426 3424 fallimur,
2482 3362 2603 3409 nou
2648 3345 2854 3428 potest
2896 3365 3011 3410 ne-

678 3447 842 3527 gari:
904 3451 1016 3511 aut
1070 3448 1389 3513 character
1447 3468 1480 3513 e
1534 3448 1802 3533 gonidiis
1861 3450 2145 3531 sumptus
2212 3467 2459 3530 semper
2520 3448 2617 3513 est
2667 3448 3011 3512 servandus

676 3548 933 3632 ideoque
976 3549 1150 3615 nulla
1192 3551 1427 3635 species
1474 3551 1744 3635 gonidiis
1790 3568 2034 3634 semper
2064 3550 2365 3615 destituta
2393 3568 2504 3634 pro
2534 3549 2773 3614 lichene
2809 3569 3009 3633 agno-

677 3651 929 3728 scenda,
978 3689 1060 3698 —
1106 3657 1221 3716 aut
1274 3654 1415 3717 huic
1468 3652 1809 3720 characteri
1861 3651 2045 3728 nulla
2100 3652 2178 3717 ad
2235 3652 2462 3717 classes
2509 3651 3010 3719 determinandas

674 3752 769 3818 vis
823 3757 917 3817 est
968 3753 1294 3819 tribuenda
1360 3754 1621 3838 ideoque
1677 3774 1818 3820 cum
1880 3754 2392 3838 Ascomycetibus
2447 3757 2693 3820 omnino
2750 3757 3006 3840 conjun-

675 3855 860 3937 gendi
904 3858 1047 3921 sunt
1090 3854 1414 3922 Lichenes.
1501 3857 1783 3922 Tertium
1812 3875 1934 3921 non
1965 3856 2166 3921 datur.
2253 3855 2527 3936 Quarum
2557 3857 3009 3921 sententiarum

674 3957 791 4021 etsi
850 3957 1256 4040 posteriorem
1311 3958 1500 4024 variis
1560 3958 1906 4024 rationibus
1972 3959 2299 4041 probatam
2365 3959 2492 4025 fere
2559 3958 3009 4023 crediderimus

676 4059 1014 4144 (praecipue
1040 4060 1093 4124 si
1116 4061 1195 4126 ad
1217 4059 1751 4143 Graphideaceoe,
1787 4059 2193 4138 Caliciaceos‚
2226 4060 2696 4144 Pyremulaceos
2727 4061 3006 4125 animum

674 4160 1113 4246 attendimus),
1160 4164 1476 4246 antiquam
1524 4165 1699 4230 illam
1746 4162 2237 4241 distinctionem,
2286 4163 2362 4228 ab
2410 4163 2692 4229 omnibus
2732 4163 3006 4226 auctori·-

674 4262 790 4328 bus
835 4263 1034 4329 adhuc
1080 4268 1420 4350 receptam,
1469 4288 1588 4333 non
1619 4269 1917 4334 audemus
1949 4266 2231 4349 rejicere,
2264 4267 2610 4349 praesertim
2641 4284 2830 4349 quum
2862 4264 3007 4330 aliis

672 4368 1056 4449 argumentis
1130 4368 1306 4433 illam
1380 4370 1699 4436 videamus
1765 4368 2246 4453 comprobatam.
2363 4368 2616 4446 PauciS,
2683 4368 2999 4452 propriam

671 4467 1010 4535 Lichenum
1077 4470 1340 4538 classem
1403 4474 1828 4558 agnoscimus,
1886 4470 2049 4537 ullos
2115 4470 2387 4538 lichenes
2433 4470 2703 4560 gonidiis
2749 4471 3003 4538 omnino
