3177 5011
1323 242 1399 308 17

365 398 595 466 Forma
645 400 895 485 flore'da
951 400 1181 485 optime
1240 400 1489 466 evoluta
1542 400 1606 465 in
1665 396 1838 465 silvis
1905 394 2210 466 frondosis
2274 397 2514 467 Sueciae

183 502 618 569 meridionalis
656 526 711 569 v.
752 524 804 570 c.
845 504 1078 570 Scaniae
1107 507 1170 568 et
1205 504 1574 570 Smolandiae
1609 503 1899 569 australis
1933 503 2097 569 haud
2129 505 2513 589 infrequens,

190 602 680 689 Westrogothiae
731 628 872 674 rara
924 607 1337 693 (Lidkopingz
1394 607 1690 691 Graewe);
1750 606 1890 671 dein
1943 607 2008 671 in
2061 606 2287 691 fagetis
2343 609 2515 673 Nor-

190 710 395 787 veyv'oe
459 712 741 776 australis
808 711 1198 796 (Gunnerus)
1267 713 1480 795 atque,
1526 710 1806 775 nonnihil
1871 710 2161 775 recedens
2228 711 2516 795 (ramulis

186 810 389 892 vulgo
454 813 1306 899 sorediato-pulverulentis),
1373 834 1484 897 per
1550 815 1744 880 valles
1809 814 1991 898 hujus
2062 815 2238 898 regni
2303 815 2515 893 obvia,

189 910 438 979 fructus
482 936 672 1001 usque
720 918 780 981 in
829 916 1145 982 Saltdalen
1190 917 1586 982 Nordlandiae
1635 916 2027 1002 (Sommerf.)
2080 916 2285 982 edens.
2377 917 2514 983 Ste-

183 1015 332 1100 rilis
380 1017 523 1082 dein
560 1021 692 1085 visa
739 1021 816 1086 ad
861 1020 1100 1085 betulas
1152 1020 1491 1103 salicesque
1539 1020 1603 1084 in
1649 1020 1868 1085 Ofoten
1915 1019 2225 1104 (copiose)
2272 1022 2336 1085 et
2378 1019 2515 1085 Gil-

183 1119 452 1185 deskaal
497 1123 743 1208 (parce)
787 1123 1185 1188 Nordlandiae
1232 1122 1758 1206 septentrionaliS,
1806 1124 1876 1188 ut
1916 1122 2102 1186 etiam
2131 1123 2331 1188 forma
2357 1142 2514 1207 pyg-

182 1244 354 1289 maea
400 1226 711 1292 nonnullis
754 1227 1123 1292 Finmarkiae
1165 1226 1549 1291 australioris
1593 1227 1779 1301 locis3
1826 1226 1904 1291 ad
1951 1227 2284 1292 terminum
2322 1228 2516 1291 maxi-

184 1347 295 1391 me
354 1328 664 1393 borealem
723 1330 1081 1413 (Tromsoe,
1136 1330 1247 1395 lat.
1305 1330 1437 1395 bor.
1487 1331 1598 1397 69⁰
1624 1330 1935 1414 ‹io—4⁴2¹)
1992 1332 2031 1394 4
2078 1330 2325 1394 centim.
2373 1328 2517 1394 alti-

185 1431 481 1496 tudinem
529 1432 626 1496 vix
671 1439 920 1517 superat
974 1433 1279 1518 (Noun).
1367 1434 1439 1498 In
1481 1432 1699 1499 Suecia
1742 1431 1946 1498 media
1987 1432 2049 1496 et
2094 1431 2345 1496 Fenm’a
2389 1450 2518 1496 me-

186 1534 493 1599 ridionali
536 1555 676 1600 rara
719 1539 783 1602 et
825 1538 1075 1602 sterilis,
1166 1537 1238 1602 In
1283 1534 1513 1602 Dam'a
1556 1536 1826 1601 nondum
1871 1534 2137 1599 inventa.

370 1655 655 1721 Varietas
699 1657 873 1721 hirta
916 1676 1108 1740 saepes
1152 1660 1215 1723 et
1257 1658 1431 1741 ligna
1475 1655 1814 1722 fabrefacta
1868 1656 1956 1740 (v.
2004 1671 2057 1718 c.
2104 1654 2373 1737 parietes
2419 1661 2517 1720 tu·

190 1758 585 1841 guriolorum
631 1761 1110 1845 septentrionem
1157 1760 1536 1846 spectantes)
1579 1760 1856 1835 locorum
1888 1757 2323 1851 campestrium
2359 1779 2517 1843 prae-

194 1862 378 1945 cipue
427 1862 668 1946 diligit,
714 1866 777 1929 in
812 1865 1165 1948 regionibus
1198 1863 1703 1929 meridionalibus
1738 1861 2043 1947 frequens,
2135 1861 2518 1946 Septentrio-

194 1983 339 2028 nem
389 1984 601 2031 versus
649 1967 750 2031 vix
793 1966 976 2048 longe
1024 1967 1417 2051 progreditur
1461 1967 1571 2051 (ad
1619 1967 1864 2032 Handol
1895 1965 2321 2043 Jemtlandiae‚
2355 1966 2514 2031 altit.

200 2069 371 2131 1900
430 2068 600 2150 ped.:
660 2070 720 2135 S.
776 2070 1115 2154 Almqvist;
1174 2070 1384 2135 Pitea:
1443 2070 1518 2135 A.
1566 2071 1646 2135 N.
1697 2070 2101 2155 Lundstrom)
2157 2070 2255 2135 vel
2300 2070 2524 2135 saltem

197 2168 537 2234 admodum
580 2172 854 2237 rarescit.
947 2172 1296 2258 Specimina
1340 2175 1603 2239 maxime
1650 2172 1924 2237 borealia
1979 2173 2113 2239 visa
2173 2193 2204 2237 e
2259 2175 2519 2238 Fennia:

196 2270 520 2357 Uleaborg
578 2273 686 2357 (G.
735 2274 935 2361 Selin)
993 2279 1055 2342 et
1119 2277 1484 2362 Lappajarvi
1541 2275 1851 2361 (Fellm.)
1949 2275 2022 2340 In
2082 2277 2197 2342 ins.
2255 2275 2522 2342 Gotland

198 2376 508 2458 praecipue
556 2377 685 2443 haec
729 2379 926 2445 forma
974 2380 1242 2446 occurrit
1286 2378 1590 2465 (Stenh.).

374 2497 524 2563 Var.
558 2498 808 2580 plicata
848 2499 910 2565 in
957 2500 1164 2579 silvis,
1226 2500 1531 2586 praecipue
1585 2499 1896 2583 abiegniS,
1951 2499 2229 2585 copiosa,
2277 2502 2521 2585 septen·

199 2601 466 2666 trionem
513 2621 723 2666 versus
770 2603 1100 2669 admodum
1146 2605 1432 2679 rarescit,
1480 2603 1742 2686 denique
1774 2603 2020 2668 omnino
2052 2603 2297 2669 desinit.
2375 2604 2526 2669 Visa

200 2704 411 2768 tamen
456 2706 551 2769 est
597 2724 628 2770 e
675 2705 993 2772 Saltdalen
1038 2705 1433 2792 (Sommerf.)
1481 2707 1542 2771 et
1587 2705 1818 2790 (forma
1873 2707 2152 2789 sequenti
2200 2706 2524 2792 accedens)

202 2827 274 2873 ex
331 2808 555 2874 Ofoten
621 2808 905 2895 (Norm.)
969 2810 1027 2874 N
1032 2810 1369 2877 ordlandiae
1434 2810 1618 2892 atque
1677 2809 1990 2892 Lapponia
2046 2809 2359 2874 Kemensi.
2450 2811 2524 2875 In

203 2908 541 2978 Gotlandia
595 2914 674 2979 ad
728 2912 1167 2998 Thorsburgen
1223 2912 1605 2978 fructiferam
1673 2911 1850 2976 illam
1910 2911 2069 2995 legit
2130 2912 2233 2984 W.
2302 2912 2522 2979 Moler.

375 3032 474 3097 Ad
538 3033 789 3098 arbores
854 3035 983 3099 tam
1049 3034 1369 3100 frondosas
1433 3052 1616 3117 quam
1677 3051 1956 3098 acerosas
2011 3031 2296 3115 frequens
2352 3033 2528 3097 adest

200 3136 260 3200 δ.
310 3136 665 3219 dasypoqa,
712 3137 773 3201 in
819 3138 1176 3220 regionibus
1220 3135 1805 3220 septentrionalibus
1849 3138 1915 3200 et
1952 3134 2388 3200 elevatioribus
2429 3137 2524 3200 ta-

203 3258 347 3304 men
407 3257 741 3304 rarescens.
831 3238 1003 3305 Intra
1071 3240 1369 3306 circulum
1435 3238 1712 3323 polarem
1784 3239 1916 3304 visa
1982 3237 2075 3302 est
2140 3239 2381 3302 tantum
2450 3237 2530 3303 ad

204 3341 544 3428 Quickjock
586 3343 919 3427 Lapponiae
964 3344 1211 3409 Lulens.
1259 3343 1619 3430 (Hellbom)
1662 3345 1725 3408 et
1754 3341 1832 3407 ad
1864 3339 2196 3406 Sascheika
2227 3344 2289 3406 et
2319 3342 2531 3406 Knasa

205 3445 430 3529 (prope
474 3445 649 3511 Mare
694 3443 937 3528 album)
980 3445 1254 3531 Lappon.
1300 3447 1569 3513 Rossicae
1617 3444 1928 3532 (Fellm.).
1955 3481 2035 3489 —
2061 3443 2152 3508 Ex
2197 3445 2332 3527 ipsa
2373 3442 2527 3509 Got-

202 3548 417 3613 landia
484 3547 801 3626 exsulans,
869 3549 1042 3614 adest
1107 3551 1170 3616 in
1214 3551 1418 3615 vicina
1486 3551 1688 3616 insula
1754 3550 1910 3614 Faro
1976 3545 2277 3631 (Stenh.).
2368 3545 2532 3610 Huic

204 3650 489 3734 proxima
543 3650 741 3717 forma
799 3653 895 3717 est
945 3652 1231 3737 frequens
1297 3653 1373 3719 ad
1437 3673 1579 3719 saxa
1625 3655 2006 3720 desertorum
2050 3649 2531 3733 Westrogothiae

205 3773 263 3818 v.
312 3769 363 3817 c.
414 3755 577 3819 circa
624 3753 992 3821 Skolfvened
1039 3755 1133 3841 (J.
1183 3756 1503 3840 Hulting).

386 3876 670 3941 Varietas
737 3875 995 3960 denique
1057 3898 1108 3941 ε.
1158 3876 1505 3942 articulata
1560 3879 1723 3964 apud
1788 3895 1899 3942 nos
1966 3894 2216 3959 perrara
2271 3873 2531 3938 videtur.

206 3977 280 4043 In
325 3977 499 4043 herb.
546 3979 699 4044 Ach.
749 3979 978 4044 bonum
1028 3979 1203 4045 adest
1248 3981 1557 4064 specimen
1594 4003 1625 4047 e
1669 3979 2009 4046 ”Suecia”.
2099 3979 2172 4043 In
2212 3976 2534 4058 Norveyz‘a

134 4129 148 4146 .
206 4082 372 4147 lecta
429 4080 503 4146 ad
562 4079 1108 4156 Christianiam,c.
1157 4081 1232 4147 fr.
1292 4082 1427 4167 (hb.
1484 4083 1692 4171 Blytt)
1750 4085 1812 4149 et
1865 4082 1942 4148 ad
1999 4082 2266 4147 Namsos
2316 4080 2421 4165 (A.
2470 4076 2531 4143 J.

208 4185 617 4270 Malmgren).

353 4304 570 4359 Thallus
607 4304 995 4376 magnitudine,
1033 4303 1368 4371 ramositate,
1407 4303 1671 4362 densitate
1716 4305 1996 4361 admodum
2041 4303 2272 4367 varians3
2320 4300 2540 4355 minima

215 4390 628 4464 densissimaque
665 4396 749 4448 est
783 4398 839 4464 β.
873 4393 1047 4463 hirta,
1083 4410 1197 4466 quse
1233 4409 1367 4465 saepe
1406 4392 1544 4449 2---3
1582 4396 1796 4451 centim.
1835 4393 1989 4450 modo
2025 4390 2136 4449 alta
2172 4388 2370 4446 evadit.
2432 4387 2537 4443 Va-

2324 4478 2362 4543 2
