3177 5011
1321 311 1360 377 7

142 468 554 554 quaererent,
601 465 824 553 hyphae
870 485 904 535 e
948 466 1215 554 gonidiis
1259 468 1630 557 insuperque
1675 486 1708 535 e
1753 466 2085 536 substrato.
2175 466 2315 536 Una
2370 465 2502 534 vice

144 572 440 655 gonidjis
487 573 936 639 nutrimentum
980 572 1270 639 afferrent
1311 574 1533 660 hyphae
1578 573 1931 658 eaedemque
1962 572 2323 658 arriperent.
2402 571 2500 639 Si-

144 675 303 740 mili
351 677 596 742 ratione
642 675 793 741 folia
836 676 899 741 in
941 676 1234 743 arborum
1276 678 1466 743 ramis
1511 678 1844 763 parasitica
1888 677 2013 742 dici
2057 677 2333 761 possunt.

340 778 558 858 Qualis
597 779 977 864 parasitandi
1021 781 1271 858 modae,
1311 782 1593 866 quamvis
1629 781 1962 848 admodum
2008 780 2352 864 paradoxus
2399 797 2501 844 su·
2621 768 2634 773 “

148 885 540 968 spectasque
584 883 905 960 videatur,
951 884 1258 949 theoriam
1289 884 1942 952 Schwendenerianam
1974 884 2183 948 tamen
2213 900 2334 946 non
2368 900 2500 947 om-

148 987 312 1051 nino
370 987 618 1052 refellit.
716 986 855 1051 Etsi
912 987 975 1052 in
1028 988 1164 1053 tota
1215 991 1438 1055 natura
1496 1007 1692 1072 neque
1747 987 1954 1052 simile
2006 1005 2119 1051 nec
2173 985 2505 1069 analogum

152 1096 349 1154 antea
408 1089 529 1154 fuit
583 1088 975 1173 indagatum,
1030 1088 1189 1155 nihil
1243 1090 1423 1174 plane
1479 1089 1775 1174 impedit,
1822 1089 2149 1173 quominus
2193 1088 2339 1154 talis
2386 1108 2501 1155 nu-

153 1192 349 1257 tricis
393 1193 805 1277 parasitaeque
849 1191 1212 1259 vicissitudo
1258 1193 1422 1277 apud
1464 1193 1738 1258 lichenes
1781 1191 1965 1258 adsit.
2053 1192 2351 1258 Animum
2379 1193 2501 1276 igi-

155 1298 272 1360 tur
316 1314 485 1360 nunc
527 1296 916 1363 attendamus
961 1296 1026 1363 in
1070 1295 1245 1361 illam
1290 1295 1691 1380 quaestionem
1709 1344 1726 1373 ,
1772 1295 1837 1359 in
1878 1314 2000 1380 qua
2030 1295 2213 1360 cardo
2247 1294 2502 1389 theoriae

160 1398 780 1465 Schwendenerianae
824 1398 1118 1474 vertitur3
1166 1417 1302 1482 quae
1348 1399 1471 1464 est:
1528 1420 1650 1483 quo
1703 1398 1883 1464 modo
1926 1400 2280 1484 ,qiynuntur
2316 1398 2500 1483 yoni-

158 1502 287 1568 dia
335 1502 404 1566 in
448 1500 647 1565 &hallo
695 1500 1000 1567 lichenum
1044 1500 1349 1568 inclusa?

346 1602 648 1670 Nonnulli
693 1605 974 1671 auctores
1020 1603 1111 1688 (v.
1160 1622 1212 1670 c.
1258 1602 1610 1689 Nylander,
1656 1604 1829 1669 Lich.
1867 1601 2085 1670 Soand.
2122 1623 2184 1686 p.
2218 1603 2334 1688 75)
2366 1621 2503 1670 eam

160 1708 549 1774 sententiam
615 1705 883 1788 amplexi
949 1709 1122 1785 sunt,
1179 1707 1432 1791 gonidia
1486 1706 1732 1773 omnino
1796 1725 1928 1773 esse
1982 1705 2182 1772 libera
2225 1724 2335 1772 nec
2373 1706 2502 1771 ullo

96 1876 101 1880 ,
162 1829 331 1876 nexu
376 1830 520 1876 cum
564 1809 788 1895 hyphis
822 1809 1058 1893 juncta.
1147 1809 1246 1875 Ita
1289 1811 1344 1875 si
1387 1829 1487 1876 res
1532 1830 1666 1877 sese
1698 1811 1991 1899 haberet,
2024 1807 2102 1874 ad
2133 1808 2502 1873 credendum

163 1912 357 1979 facile
401 1912 880 1990 adduceremur,
926 1913 1057 1978 haec
1102 1930 1335 1996 organa
1377 1915 1629 1997 propria
1683 1933 1815 1980 esse
1874 1910 2277 1997 vegetabilis,
2325 1913 2503 1999 sorte

167 2015 444 2100 quadam
487 2016 700 2098 iniqua
743 2016 989 2101 captiva
1031 2018 1217 2100 atque
1262 2016 1328 2081 in
1370 2016 1636 2082 vinculis
1678 2018 1875 2083 vitam
1910 2016 2217 2100 degentia.
2308 2013 2502 2080 Goni-

166 2118 278 2183 dia
320 2137 469 2183 vero
513 2118 738 2202 hyphis
783 2118 983 2184 adfixa
1026 2118 1091 2183 in
1133 2118 1331 2184 thallo
1376 2119 1623 2199 adesse,
1679 2119 2255 2185 demonstraverunt
2304 2119 2502 2201 Bayr-

168 2219 400 2299 boffer,
471 2219 1017 2304 Speerschneider,
1080 2221 1391 2287 Thwaites
1412 2270 1427 2299 ‚
1485 2221 1958 2297 Schwendener,
2014 2220 2089 2298 de
2142 2221 2308 2305 Bary
2359 2219 2500 2285 alii-

170 2341 324 2405 que;
371 2323 831 2389 observationes
876 2344 911 2389 a
954 2324 1131 2390 nobis
1175 2324 1477 2390 institutae
1521 2324 1690 2391 idem
1724 2324 2185 2391 evidentissime
2216 2342 2499 2408 compro-

169 2424 416 2490 bavere.
507 2425 765 2491 Thallus
808 2427 1067 2493 lichenis
1112 2428 1431 2513 cujusdam
1474 2429 1529 2493 si
1571 2428 1964 2513 microscopii
2016 2446 2129 2512 ope
2189 2426 2500 2492 examina-

172 2530 308 2606 tur,
356 2530 611 2613 gonidia
654 2529 931 2595 solitaria
974 2530 1073 2595 vel
1117 2532 1578 2616 conglomerata
1633 2531 1821 2614 vulgo
1879 2531 2060 2596 facile
2107 2530 2502 2596 inveniuntur

173 2632 437 2697 ramulis
489 2632 837 2716 hypharum
891 2633 1212 2716 imposita;
1259 2635 1422 2718 quod
1466 2654 1590 2699 non
1634 2634 1840 2699 omnia
1884 2634 2135 2717 gonidia
2176 2631 2290 2697 tali
2320 2631 2503 2697 modo

172 2734 403 2819 hyphis
460 2738 605 2800 sunt
659 2735 977 2819 adjuncta,
1035 2736 1144 2801 sed
1196 2737 1490 2802 nonnulla
1544 2737 1645 2801 vel
1701 2736 2012 2821 permulta
2068 2734 2266 2800 libera
2319 2736 2501 2819 atque

176 2838 339 2903 inter
384 2838 625 2924 hyphas
668 2857 883 2921 sparsa
925 2838 1360 2919 observantur,
1406 2839 1472 2904 id
1516 2840 1770 2905 minime
1817 2858 1953 2904 eam
1984 2837 2215 2903 refellit
2255 2838 2501 2902 senten-

175 2940 330 3005 tiam
350 2989 366 3016 ,
413 2960 639 3006 nexum
681 2941 843 3006 inter
889 2940 1143 3025 gonidia
1185 2941 1547 3026 hyphasque
1592 2941 1957 3006 normaliter
2002 2940 2237 3006 adesse.

350 3040 473 3120 Qui
514 3062 703 3108 nexus
746 3043 948 3127 qualis
990 3045 1126 3108 est?
1192 3045 1266 3109 In
1309 3044 1840 3128 praestantissimis
1886 3043 2014 3108 illis
2059 3043 2307 3127 scriptis
2340 3042 2428 3128 (U
2431 3064 2501 3107 n-

178 3142 638 3227 tersuchung'en
690 3145 795 3210 ub.
854 3145 913 3210 d.
973 3145 1566 3231 Flechtenthallus),
1635 3146 1858 3229 quibus
1919 3146 2167 3211 laudem
2231 3146 2502 3229 dignita-

178 3243 428 3329 temque
480 3246 643 3312 inter
695 3248 1015 3314 botanicos
1074 3249 1193 3314 sibi
1238 3249 1577 3314 vindicavit
1620 3248 1821 3313 Amic.
1871 3245 2348 3326 Schwendener,
2395 3249 2502 3314 de-

179 3349 527 3413 monstrare
571 3354 826 3417 conatus
869 3354 993 3428 est,
1039 3351 1294 3437 gonidia
1337 3371 1410 3416 ex
1454 3351 1678 3435 hyphis
1724 3352 2025 3435 originem
2074 3351 2328 3425 ducere;
2361 3370 2503 3433 pro-

177 3451 330 3533 priis
376 3452 603 3516 studiis
647 3455 770 3519 nixi
791 3502 807 3532 ‚
866 3454 1024 3519 hanc
1080 3455 1449 3520 sententiam
1492 3454 1926 3538 amplectimur
1982 3452 2505 3540 defendimusque.

179 3552 425 3636 Hyphae
482 3555 648 3617 enim
699 3576 823 3622 non
880 3558 1078 3623 solum
1135 3559 1200 3622 in
1252 3557 1569 3623 filamenta
1624 3556 1992 3639 elongantur
2011 3602 2027 3632 ‚
2083 3557 2191 3622 sed
2235 3557 2509 3623 ramulos

182 3654 402 3721 breves
449 3657 481 3740 (
497 3656 984 3745 ”Stielzellen”)
1029 3661 1213 3726 etiam
1261 3660 1651 3744 protrudunt.
1743 3658 1955 3738 Qualis
2012 3660 2239 3726 ramuli
2284 3661 2509 3726 cellula

181 3758 532 3824 terminalis
576 3762 806 3827 sensim
851 3762 1177 3841 dilatatur,
1225 3763 1599 3846 subglobosa
1653 3763 1860 3828 evadit
1913 3765 1976 3828 et
2029 3763 2291 3829 materia
2334 3763 2505 3829 chlo·

183 3860 470 3944 rophyllo
518 3861 651 3946 (vel
692 3866 956 3931 materia
998 3866 1339 3951 subsimili)
1383 3866 1579 3931 tincta
1623 3864 1874 3930 demum
1916 3865 2193 3948 repletur
2232 3903 2312 3914 ——
2355 3887 2506 3950 pau·

184 3963 301 4041 cis,
349 3963 580 4029 cellula
623 3964 734 4030 illa
776 3966 842 4031 in
886 3967 1206 4050 gonidium
1252 3969 1561 4046 mutatur,
1608 3967 1749 4032 dein
1792 3968 1961 4033 valio
2008 3967 2189 4032 modo
2242 3968 2508 4034 divisum

185 4069 244 4130 et
287 4066 417 4132 alia
472 4069 728 4152 gonidia
782 4089 1129 4153 procreans.
1218 4072 1318 4136 Ita
1373 4071 1626 4156 quidem
1669 4070 2013 4136 invenimus
2033 4119 2048 4148 ‚
2093 4070 2354 4154 ideoque
2398 4091 2508 4136 no-

185 4167 278 4233 bis
322 4172 421 4234 est
464 4189 857 4254 persuasum,
902 4173 1099 4237 totam
1144 4172 1320 4238 illam
1363 4174 1700 4250 theoriam,
1761 4193 1896 4256 quae
1953 4171 2223 4238 lichenes
2279 4174 2508 4258 phyco-

190 4273 776 4356 myco-compositos
819 4274 1134 4358 perhibet,
1181 4276 1257 4340 ad
1304 4276 1550 4340 irritum
1591 4277 1828 4340 cadere.

97 4360 104 4370 ’
355 4376 428 4440 In
476 4375 700 4441 ultimo
743 4376 904 4441 libro
945 4377 1094 4460 (Die
1122 4379 1517 4464 Algentypen
1548 4379 1605 4443 d.
1638 4377 2292 4461 Flechtengonidien),
2329 4396 2514 4460 quem

197 4479 559 4564 conscripsit
616 4476 709 4543 Cl.
758 4477 1234 4556 Schwendener,
1289 4483 1447 4547 hanc
1507 4482 1898 4567 gonidiorum
1953 4478 2204 4566 genesin
2259 4480 2514 4565 rejicere
