3177 5011
1781 287 1819 355 6

634 443 923 529 parasitis
978 443 1245 530 undique
1299 442 1651 521 infestatae,
1711 463 1848 531 quae
1905 464 2026 512 non
2085 442 2286 512 solum
2344 463 2464 512 non
2519 443 2977 515 detrimentum

634 549 909 633 capiant,
957 549 1064 614 sed
1109 550 1295 617 etiam
1339 549 1429 613 ita
1472 548 1810 614 incitentur
1876 550 1940 613 et
2005 548 2434 624 stimulentur,
2490 552 2563 615 ut
2615 550 2820 633 magis
2869 550 2969 615 vi-

634 654 853 734 geant,
898 656 1265 736 augescant,
1310 651 1828 735 multiplicentur.
1918 652 2360 718 Parasitismus
2415 652 2590 720 utilis
2634 657 2820 740 atque
2861 674 2972 720 ro-

632 755 856 822 borans
903 795 985 806 —
1032 757 1276 840 qualem
1324 756 1461 841 quis
1507 756 1691 819 antea
1736 755 2069 838 cognovit?

805 860 961 926 Rem
1009 860 1197 926 altius
1240 857 1595 943 inspicienti
1639 876 1780 923 mox
1824 861 2032 923 tamen
2086 858 2288 944 patet,
2357 879 2432 924 ne
2497 858 2658 922 hunc
2711 858 2972 944 quidem

634 962 1011 1045 singularem
1054 963 1520 1047 parasitismum
1576 958 1655 1025 ad
1707 979 1928 1025 nexum
1986 961 2147 1027 inter
2204 962 2472 1045 ”algas”
2532 966 2595 1027 et
2640 962 2967 1047 ”fungos”

632 1066 1068 1133 declarandum
1121 1065 1436 1141 sufficere3
1495 1063 1737 1129 theoria
1790 1064 1977 1128 etiam
2032 1064 2234 1148 magis
2289 1064 2580 1131 intricata
2636 1084 2789 1151 opus
2846 1068 2967 1134 est.

800 1169 980 1253 Apud
1026 1187 1237 1235 omnes
1279 1168 1555 1233 lichenes
1605 1166 1858 1250 gonidia
1900 1168 2265 1233 normaliter
2307 1168 2532 1253 hyphis
2578 1170 2827 1235 omnino
2861 1172 2962 1235 te·

631 1274 893 1354 guntur:
960 1271 1122 1355 apud
1188 1270 1531 1356 permultos
1601 1271 1866 1334 stratum
1933 1270 2223 1337 corticale
2290 1272 2649 1338 continuum
2719 1275 2961 1340 ceteras

631 1375 812 1441 thalli
865 1378 1073 1460 partes
1126 1374 1395 1457 undique
1451 1371 1814 1438 circumdat.
1906 1369 2200 1450 Gonidia,
2258 1375 2329 1437 ut
2384 1373 2596 1440 vivant
2647 1376 2961 1460 multipli-

631 1481 995 1563 centurque,
1042 1477 1489 1543 nutrimentum
1531 1474 1816 1540 alicunde
1848 1476 2118 1559 recipere
2150 1493 2397 1540 necesse
2432 1477 2528 1542 est
2551 1515 2632 1526 —
2657 1480 2724 1543 at
2755 1479 2963 1546 unde?

631 1581 883 1647 Scilicet
929 1601 962 1646 e
1005 1578 1285 1666 partibus
1329 1578 1567 1644 vicinis.
1657 1578 1891 1661 Negari
1939 1577 2188 1661 quidem
2233 1597 2351 1643 non
2411 1580 2644 1663 potest,
2691 1581 2964 1648 thallum

626 1685 940 1751 lichenum
984 1702 1208 1769 aquam
1253 1680 1592 1767 pluvialem
1637 1681 1814 1747 avide
1863 1679 2161 1746 imbibere
2209 1681 2578 1765 gonidiaque
2637 1682 2779 1749 inde
2822 1685 2962 1749 vic-

629 1790 766 1854 tum
819 1806 1119 1873 quaerere,
1178 1785 1286 1851 sed
1340 1785 1440 1851 vix
1497 1784 1823 1868 quisquam
1878 1783 2037 1849 serio
2100 1783 2462 1861 contendat,
2522 1804 2556 1850 e
2613 1787 2747 1853 sola
2800 1806 2966 1871 aqua

630 1892 836 1957 omnia
889 1909 1067 1975 posse
1124 1888 1315 1953 creari
1369 1888 1484 1953 illa
1536 1904 1795 1970 corpora
1852 1886 2126 1951 chemica
2185 1886 2665 1971 (protoplasma,
2712 1890 2962 1957 chloro-

628 1994 940 2080 phyllum,
1009 1992 1145 2058 olea
1200 1990 1385 2076 etc),
1455 2008 1590 2074 quae
1659 1989 1909 2072 gonidia
1951 1989 2333 2054 constituant
2396 1990 2496 2055 vel
2561 1991 2692 2056 illis
2752 1993 2960 2059 inclu-

628 2096 870 2162 dantur.
960 2094 1261 2162 Perfacile
1312 2093 1610 2177 conjicere
1654 2091 1832 2167 licet,
1881 2092 2070 2157 etiam
2127 2111 2198 2156 ex
2255 2091 2481 2176 hyphis
2536 2093 2962 2177 adjacentibus

628 2199 750 2264 cibi
795 2201 1066 2284 partem,
1114 2198 1631 2283 quatulacumque
1677 2196 1791 2273 sit,
1839 2195 2088 2260 assumi.
2179 2195 2279 2260 Ita
2323 2196 2376 2260 si
2421 2213 2520 2259 res
2565 2214 2698 2262 sese
2732 2198 2958 2275 habet,

627 2300 808 2366 facile
853 2300 928 2366 ad
976 2302 1346 2367 credendum
1392 2298 1790 2374 adducimur,
1840 2297 2104 2381 ”algas”
2152 2298 2470 2383 (gonidia)
2530 2298 2963 2383 ”fungorum”

627 2403 1039 2489 (hypharum)
1084 2424 1216 2470 esse
1266 2402 1575 2487 parasitas
1633 2419 1830 2484 neque
1887 2402 2256 2465 contrariam
2320 2401 2519 2466 vicem
2566 2402 2842 2486 explere,
2889 2405 2966 2471 ut

627 2504 938 2572 affirmant
983 2507 1425 2574 Schwendener
1474 2504 1807 2588 ceterique.

800 2608 1014 2688 Qualis
1067 2609 1366 2693 suspicio',
1426 2607 1695 2691 ”algas”
1756 2626 1788 2672 e
1847 2603 2146 2686 ‘’fungis’‘
2201 2603 2565 2672 alimentum
2619 2609 2737 2674 sibi
2795 2609 2959 2675 arri-

629 2731 773 2796 pere
794 2759 809 2788 ,
857 2711 1043 2776 etiam
1091 2711 1214 2776 alia
1257 2711 1494 2775 ratione
1540 2709 1892 2775 confirmari
1946 2705 2208 2771 videtur.
2298 2709 2371 2773 ln
2415 2709 2611 2775 thallo
2643 2711 2964 2779 lichenum

627 2815 979 2878 constanter
1024 2815 1248 2879 adsunt
1291 2813 1464 2879 varia
1507 2832 1763 2896 corpora
1807 2809 2181 2893 anorganica
2234 2811 2326 2896 (v.
2374 2830 2428 2876 c.
2475 2814 2642 2892 calx,
2687 2815 2960 2894 ferrum,

626 2917 867 2982 acidum
916 2915 1391 3002 phosphoricum
1440 2918 1503 2981 et
1546 2915 1885 2992 silicicum,
1929 2913 2088 2992 kali,
2136 2917 2355 2979 natron
2412 2914 2598 2999 etc),
2667 2935 2802 3001 quae
2847 2935 2959 2982 ne-

627 3039 743 3102 que
811 3039 881 3085 ex
939 3040 1097 3105 aqua
1148 3018 1410 3103 pluviali
1461 3036 1574 3083 nec
1629 3038 1661 3083 e
1719 3018 1986 3103 gonidiis
2042 3019 2299 3101 possunt
2352 3018 2637 3082 obtineri.
2749 3018 2961 3086 Variis

627 3124 1010 3204 argumentis
1073 3121 1542 3205 comprobatum
1611 3139 1966 3199 censemus,
2044 3121 2178 3185 haec
2255 3137 2515 3205 corpora
2589 3121 2959 3207 (maximam

626 3222 847 3288 saltem
879 3225 1152 3309 partem)
1183 3223 1436 3289 rhizinis
1469 3223 1813 3308 hyphisque
1847 3245 1880 3290 e
1912 3225 2225 3290 substrato
2256 3224 2490 3289 assumi
2519 3225 2702 3306 atque
2733 3221 2959 3290 deinde

623 3346 734 3411 per
777 3328 978 3392 totum
1021 3326 1289 3392 thallum
1332 3325 1554 3410 (etiam
1600 3327 1884 3411 gonidia)
1915 3327 2224 3392 distribui.
2316 3325 2463 3405 Quae
2493 3325 2708 3409 plenta
2741 3345 2774 3391 e
2805 3328 2955 3391 sub-

625 3431 820 3496 strato
886 3431 1129 3493 mortuo
1196 3429 1642 3494 nutrimentum
1708 3430 1917 3495 haurit
1976 3430 2203 3514 aliique
2270 3428 2712 3505 communicat,
2779 3429 2955 3496 nullo

623 3535 802 3619 pacto
848 3531 1178 3616 parasitica
1221 3532 1426 3615 potest
1471 3532 1796 3616 appellari.

795 3636 885 3700 Ex
930 3634 1126 3700 altera
1170 3653 1314 3699 vero
1359 3637 1564 3717 parte,
1613 3636 1676 3699 si
1727 3635 1950 3720 hyphae
1994 3633 2328 3718 mycelium
2374 3637 2542 3701 essnt
2585 3636 2954 3719 fungorum,

623 3741 700 3805 ab
744 3739 950 3805 indole
997 3739 1335 3818 naturaque
1379 3736 1603 3800 horum
1647 3736 2087 3819 vegetabilium
2149 3736 2333 3802 nimis
2384 3737 2772 3815 recederent,
2819 3739 2874 3803 si
2919 3759 2955 3805 e

623 3844 909 3908 contento
956 3840 1378 3923 gonidiorum,
1431 3839 1652 3922 quibus
1698 3841 1842 3904 sunt
1885 3840 2080 3904 affixae
2126 3839 2464 3925 intimoque
2497 3861 2656 3906 nexu
2690 3842 2954 3925 junctae,

622 3945 855 4028 aliquid
916 3944 1108 4008 furari
1164 3943 1541 4026 respuerent.
1642 3942 1801 4008 Tum
1872 3961 2015 4006 vero
2072 3945 2541 4024 parase‘tismus
2606 3944 2840 4025 duplex
2897 3950 2956 4009 et

621 4050 978 4130 rc›c1'12rocus
1003 4045 1068 4130 ⁸)
1124 4046 1286 4128 apud
1344 4045 1617 4110 lichenes
1673 4044 1948 4110 adesset:
2019 4047 2270 4128 gonidia
2335 4065 2406 4110 ex
2463 4045 2688 4130 hyphis
2743 4045 2954 4111 cibum

761 4199 812 4269 ‘)
848 4198 1142 4254 Secundum
1195 4199 1304 4255 Cel.
1352 4200 1732 4255 Schwendener
1783 4200 2018 4270 (Algent.
2066 4200 2118 4255 d.
2169 4199 2547 4269 Flechtengon.
2593 4219 2645 4270 p.
2683 4201 2777 4270 40)
2826 4205 2953 4256 sunt

619 4286 701 4341 illi
739 4286 995 4348 lichenes,
1035 4288 1125 4356 qui
1164 4287 1296 4341 ”auf
1326 4287 1584 4349 Bfinmen,
1623 4285 1758 4339 Holz
1804 4285 1929 4340 oder
1976 4285 2134 4341 deren
2184 4287 2820 4357 Zersetzungsproducten
2857 4305 2947 4342 ve-

618 4375 851 4444 getiren,
892 4374 1500 4443 Doppelschmarotzer.”
1574 4374 1676 4440 Qui
1713 4375 1973 4443 (attamen
2009 4376 2151 4427 certe
2190 4373 2480 4440 immerito)
2517 4373 2573 4426 in
2609 4375 2709 4428 tali
2734 4376 2947 4430 vivendi

589 4460 774 4514 ‚modo
811 4460 1203 4531 parasitismum
1248 4465 1510 4529 quarunt,
1557 4460 1697 4532 apud
1742 4460 1975 4515 lichenes
2015 4460 2249 4515 invenire
2294 4462 2516 4531 possunt
2551 4461 2946 4531 parasitismum

618 4548 896 4617 triplicem.
