3177 5011
1341 307 1464 375 153

371 463 419 519 A
454 464 646 520 ceteris
681 464 920 520 omnibus
953 477 1238 532 spor-arum
1275 466 1642 535 maqnitudim
1675 468 1906 533 diversa3
1935 471 2059 523 sunt
2081 469 2135 524 in
2161 469 2298 523 ascia
2321 472 2554 525 saccato·

223 553 453 608 clavatis
489 556 713 615 octono,
752 552 1069 622 ellipsoideae
1104 568 1154 605 v.
1194 551 1422 607 ovoideae
1436 594 1449 617 ,
1488 554 1788 611 incoloratae
1812 558 1883 626 (v.
1910 557 2122 611 demum
2159 557 2556 612 accidentaliter

223 640 552 703 fusciduloe).
602 643 898 706 O‚o2o—27
946 655 1072 693 mm.
1112 638 1278 709 longae
1315 645 1370 695 et
1406 643 1702 709 omo-17
1743 660 1867 697 mm.
1904 660 2103 698 crassae.
2175 643 2382 699 Sterilis
2419 661 2553 716 saepe

224 748 264 785 a
300 729 565 785 subsimili
601 730 851 798 sequente
887 742 992 781 non
1027 729 1169 781 certe
1206 726 1604 799 distinguenda;
1660 731 1924 786 interdum
1961 731 2144 785 habitu
2182 732 2250 785 G.
2281 731 2552 801 polyrrhi-

220 834 347 871 zam
408 819 489 886 (et
550 817 618 871 G.
674 813 1041 883 cylindricam)
1102 816 1273 884 magis
1327 816 1614 872 aemulatur.
1673 848 1733 859 —-
1791 819 1973 888 Margo
2026 815 2418 888 apotheciorum
2471 816 2552 869 in-

228 904 442 959 terdum
511 903 757 957 radiatim
821 902 975 956 fissus
1040 899 1260 970 ideoque
1321 903 1508 959 habitu
1562 905 1796 963 tenuiter
1851 903 2165 960 crenulatus.
2264 903 2556 975 Apothecia

226 990 388 1045 diam.
444 992 496 1052 Ο,
505 993 655 1053 7-1,
664 999 691 1041 5
747 1007 871 1044 mm.
933 1021 990 1030 —
1041 989 1115 1046 Ca
1127 991 1189 1046 Cl
1246 991 1472 1046 limitem
1535 992 1693 1046 strati
1754 994 2001 1062 gonimici
2065 997 2344 1063 utrumque
2396 992 2552 1048 rube-

229 1080 411 1133 scente
476 1078 643 1147 tingit
706 1078 890 1132 colore.
979 1077 1112 1133 Jodo
1165 1078 1399 1148 gelatina
1454 1079 1732 1150 hymenea‚
1790 1081 2112 1152 praecedente
2167 1080 2556 1136 caerulescentia

226 1165 365 1223 levi.
405 1165 585 1221 vinose
624 1165 789 1219 rubet.

373 1267 487 1324 obs.
527 1270 576 1323 1.
649 1269 713 1324 In
749 1268 897 1324 Lich.
923 1270 1085 1340 Lapp.
1113 1286 1183 1323 or.
1211 1286 1262 1340 p.
1284 1269 1385 1322 122
1423 1267 1737 1324 describitur
1771 1287 1906 1325 nova
1941 1269 2005 1325 G.
2043 1271 2220 1327 velleoe
2254 1269 2552 1341 subspecies

230 1355 331 1410 ’'U.
370 1356 656 1425 tylorhzzeae
693 1356 842 1426 Nyl.‚
882 1358 966 1411 cui
1001 1358 1054 1411 in
1092 1357 1250 1411 Flora
1285 1355 1423 1408 1869
1459 1374 1511 1426 p.
1552 1357 1656 1410 389
1693 1357 1925 1427 dignitas
1961 1356 2204 1428 specifica
2228 1362 2310 1412 est
2333 1356 2552 1411 tributa.

227 1442 375 1499 Nota
409 1444 564 1513 hujus
601 1444 1026 1498 characteristica
1061 1443 1337 1513 quan-enda
1371 1448 1451 1497 est
1487 1444 1543 1497 in
1580 1444 1826 1499 '’rhizinis
1862 1446 1917 1498 in
1953 1453 2195 1498 verrucas
2228 1446 2406 1515 nigras
2441 1444 2550 1498 fur-

231 1531 468 1586 furaceas
523 1532 890 1586 transmutatis
926 1529 1070 1599 (inde
1106 1530 1300 1601 pagina
1338 1529 1506 1584 infera
1539 1531 1698 1585 thalli
1734 1548 1794 1585 ex
1830 1532 1915 1585 his
1952 1533 2180 1586 verrucis
2217 1532 2302 1586 vel
2337 1533 2552 1587 rhizinis

232 1617 352 1686 plus
406 1619 641 1673 minusve
697 1635 967 1673 verrucose
1015 1617 1257 1680 mutatis,
1308 1616 1419 1685 jam
1466 1618 1743 1681 consortia,
1796 1618 1906 1688 jam
1944 1621 2138 1689 sparsis
2175 1618 2550 1691 exasperata).”

230 1703 414 1768 Qualis
469 1705 782 1760 rhizinarum
829 1705 1201 1759 transmutatio
1243 1705 1455 1759 minime
1492 1709 1575 1759 est
1611 1722 1745 1759 rara.
1818 1705 1881 1759 In
1916 1706 2007 1759 hb.
2046 1704 2173 1760 Ach.
2212 1705 2307 1760 sub
2344 1707 2551 1761 nomine

233 1791 301 1845 G.
343 1792 519 1846 velzeae
561 1797 616 1862 β.
662 1792 1002 1862 spodochroae
1036 1791 1144 1846 tale
1198 1791 1349 1846 adest
1403 1791 1683 1861 specimen.
1751 1794 2042 1847 Numerosa
2095 1810 2122 1847 e
2159 1793 2553 1849 Westrobotnia

232 1864 670 1943 (oster-Turne&
709 1878 1129 1949 Luoppiovaara:
1168 1876 1226 1932 C.
1250 1879 1307 1932 P.
1328 1877 1648 1950 Laestadins)
1674 1884 1797 1934 sunt
1833 1882 2126 1950 reportata,
2150 1897 2367 1950 quorum
2387 1880 2556 1936 latera

229 1965 477 2020 inferiora
532 1966 749 2020 rhizinis
802 1964 1207 2037 pallescentibus
1253 1981 1389 2020 nunc
1437 1965 1594 2021 dense
1631 1971 1896 2037 teguntur,
1938 1984 2073 2022 nunc
2108 1985 2262 2039 parce
2300 1972 2424 2022 sunt
2458 1968 2551 2023 ad-

227 2071 435 2125 spersa;
481 2054 799 2107 rhizinarum
849 2053 963 2106 loco
1016 2052 1313 2106 vestiuntur
1359 2054 1587 2107 verrucis
1643 2053 1808 2123 nigris
1857 2054 2185 2115 furfuraceis,
2242 2072 2378 2109 nunc
2415 2055 2552 2108 latas

228 2141 605 2211 occupantibus
659 2140 866 2211 plagas,
903 2156 1040 2193 nunc
1085 2140 1223 2194 inter
1259 2139 1486 2193 rhizinas
1522 2142 1851 2211 paucioribus
1891 2142 2085 2194 mixtis,
2159 2141 2283 2196 Haec
2319 2141 2548 2206 sterilia,

227 2227 322 2282 sed
359 2227 426 2281 ad
460 2228 842 2296 spodochroam
878 2226 1050 2280 forsan
1071 2227 1401 2296 potissimum
1424 2225 1718 2291 referenda;
1743 2228 1848 2281 alia
1867 2220 2152 2298 specimina
2170 2227 2223 2280 in
2245 2226 2552 2296 Flejfieldet

228 2333 391 2385 prope
429 2314 675 2368 Tromsiie
712 2313 989 2384 (Norman)
1027 2314 1167 2367 lecta
1203 2312 1269 2366 ad
1306 2313 1369 2366 G.
1398 2314 1614 2367 velleam
1652 2319 1830 2386 aperte
1869 2315 2161 2385 pertinent,
2201 2316 2304 2368 etsi
2341 2314 2552 2367 rhizinae

229 2402 387 2457 modo
422 2419 597 2473 paucae
634 2401 826 2455 adsunt
860 2401 1044 2469 nigrae,
1084 2400 1274 2453 ceteris
1310 2400 1364 2453 in
1400 2400 1674 2455 tubercula
1710 2401 1942 2454 mutatis.
1982 2399 2279 2470 Sper-imina
2314 2398 2551 2467 ejusdem

229 2490 423 2561 speciei
479 2490 696 2545 rhizinis
744 2486 1072 2559 paucioribus
1119 2486 1174 2540 in
1229 2503 1468 2542 verrucas
1521 2489 1741 2543 mutatis
1794 2489 2053 2542 instmcta
2089 2487 2155 2543 ad
2209 2487 2354 2559 alpes
2390 2503 2551 2560 prope

231 2565 494 2646 Ostgaard
548 2575 799 2630 convallis
843 2573 1172 2643 Gumpendal
1222 2574 1556 2629 Nordlandiae
1605 2576 1742 2630 idem
1781 2575 1931 2629 vidit.
1975 2607 2035 2614 —
2076 2573 2197 2639 Quae
2234 2575 2551 2628 rhizinarum

229 2663 668 2733 metamorphosis
718 2679 877 2731 quum
930 2661 1068 2730 apud
1117 2659 1185 2713 G.
1223 2662 1439 2715 velleam
1476 2666 1532 2717 et
1565 2663 1944 2732 spodochroam
1981 2661 2151 2726 adsit,
2191 2661 2405 2716 dubium
2441 2664 2547 2725 est,

233 2750 368 2804 unde
404 2750 691 2821 specimina
727 2750 794 2804 G.
834 2751 1099 2820 tylorhieae
1133 2747 1256 2817 Nyl.
1296 2748 1570 2818 originalia
1606 2749 1808 2804 sterilia
1828 2751 1884 2807 *i
1929 2750 2037 2803 sint
2060 2747 2345 2802 referenda.
2381 2747 2552 2801 Minor

230 2837 387 2891 thalli
424 2837 689 2891 crassities
725 2853 910 2890 nexum
948 2853 1064 2889 cum
1102 2835 1171 2889 G.
1207 2835 1538 2904 spodochroa
1575 2836 1777 2891 suadet.
1852 2835 1986 2890 Utut
2020 2837 2130 2896 est,
2170 2835 2427 2904 tylos-hiza
2468 2836 2551 2889 est

229 2926 396 2979 forma
431 2923 640 2977 omnino
677 2922 1018 2978 accidentalis
1053 2938 1220 2992 neque
1258 2923 1456 2992 species
1493 2923 1715 2993 propria.

369 3025 483 3080 obs.
521 3028 570 3079 2.
656 3026 700 3079 E
752 3026 1023 3098 Lapponia
1075 3025 1289 3082 Lulensi
1343 3026 1669 3089 (Nammatsz
1727 3026 1992 3095 Hellbom)
2046 3025 2333 3096 specimina
2392 3023 2550 3093 hujus

229 3115 424 3185 speciei
477 3115 771 3183 accepimus
829 3116 1080 3184 praeterea
1137 3113 1280 3167 nullo
1334 3117 1490 3184 pacto
1542 3113 1872 3180 recedentia,
1908 3112 2000 3166 sed
2036 3114 2204 3182 sporis
2239 3111 2460 3183 praedita
2494 3112 2549 3166 in

229 3203 364 3256 ascis
399 3201 620 3255 clavatis
657 3216 706 3255 v,
745 3198 1373 3270 subcylindrico·clavatis
1409 3202 1640 3261 octonis,
1668 3200 1927 3268 elonqatis
1952 3217 1992 3252 v.
2021 3198 2546 3268 εἶοηραιο-οὸῑοηφίς,

230 3288 388 3343 rectis
424 3305 470 3340 v.
509 3287 743 3358 paullum
778 3287 1029 3348 cumulis,
1066 3287 1362 3349 0,016—-22
1401 3303 1526 3340 mm.
1564 3286 1737 3356 longis
1772 3291 1827 3340 et
1862 3288 2123 3348 0‚005-6
2163 3302 2288 3339 mm.
2341 3283 2546 3341 crassis.

229 3375 416 3429 Partes
468 3374 732 3445 apothecii
782 3374 998 3427 internae
1045 3372 1171 3442 jodo
1217 3373 1325 3426 fere
1362 3374 1570 3426 omnino
1607 3390 1710 3426 non
1747 3376 2034 3434 mutantur,
2073 3372 2210 3442 quod
2247 3373 2421 3426 forsan
2457 3370 2549 3424 ab·

230 3480 408 3517 norme
446 3462 647 3532 aliquid
681 3460 897 3515 indicet.
970 3460 1032 3514 In
1076 3461 1195 3514 aliis
1231 3460 1603 3530 speciminibus
1640 3476 1701 3514 ex
1737 3459 1919 3515 eodem
1957 3459 2069 3514 loco
2106 3476 2269 3529 sporae
2305 3460 2427 3512 sunt
2464 3474 2547 3511 so-

233 3551 340 3605 litae
380 3550 555 3603 formae
592 3566 652 3604 ac
688 3546 1088 3617 magnitudinis.

927 3724 987 3785 2.
1077 3726 1143 3784 c.
1192 3724 1493 3785 VELLEA
1539 3724 1665 3799 (L.)
1706 3726 1849 3785 Aah.

401 3859 658 3925 Thallus
703 3858 1164 3943 monopliyllu8‚
1212 3878 1507 3935 creusam,
1553 3860 1902 3935 οονίαεεαε,
1953 3859 2126 3923 laevis
2172 3859 2261 3944 (V.
2310 3859 2544 3923 tenuis-

230 3966 384 4029 sime
442 3961 1144 4045 rimuloso-areolatus)‚
1204 3959 1455 4044 glauco·
1510 3980 1564 4025 v.
1613 3961 2282 4039 rufescenti-cinereu8‚
2331 3962 2546 4026 subtus

228 4069 412 4148 πίθον
457 4089 511 4130 v.
541 4066 969 4149 fusco-niger,
1035 4064 1546 4141 le-irsute'ssimu3;
1614 4064 1932 4147 apothecia
1999 4064 2316 4148 adpressa‚
2363 4065 2548 4148 plana

230 4172 293 4235 et
339 4170 583 4234 demum
632 4188 927 4242 convexa,
972 4167 1153 4231 valde
1191 4168 1719 4251 styrace-plicata,
1767 4168 2043 4251 margine
2089 4171 2259 4233 tenui
2301 4168 2547 4233 dem-um

232 4273 518 4350 excolu-sm
565 4292 759 4357 sporae
790 4270 1108 4353 parvulae.

371 4461 423 4526 ⁶)
457 4461 519 4514 In
555 4461 645 4514 hb.
684 4460 814 4514 Mus.
854 4461 1015 4515 Fenn.
1054 4457 1157 4512 duo
1202 4457 1408 4512 adsunt.
1482 4456 1544 4510 In
1586 4457 1756 4511 altero
1793 4456 1959 4511 solum
1994 4473 2219 4511 verrucae
2253 4457 2446 4512 adsunt
2478 4457 2545 4512 il·

224 4547 390 4619 laeque
427 4564 617 4619 sparsas
629 4588 645 4616 ‚
671 4548 728 4602 in
753 4549 920 4604 altero
945 4548 1121 4602 mixtae
1147 4548 1270 4599 sunt
1293 4560 1519 4600 verruca
1545 4547 1602 4599 et
1626 4545 1837 4600 rhizinae
1861 4544 2054 4614 passim
2082 4544 2238 4599 dense
2264 4547 2542 4612 congosto.
