3177 5011
171 1351 410 1441 Judicio
454 1375 879 1441 botanicorum
910 1375 1059 1459 jam
1101 1374 1471 1459 subjicimus
1501 1379 1788 1459 primam
1834 1380 2041 1462 operis
2073 1384 2325 1463 partem
2345 1428 2360 1458 ,
2395 1379 2462 1444 in

171 1500 274 1562 quo
315 1479 690 1545 elaborando
721 1478 944 1561 plures
974 1482 1475 1561 consumpsimus
1509 1502 1732 1546 annos.
1805 1482 1965 1547 Plus
1996 1485 2157 1549 enim
2188 1488 2468 1565 quatuon

174 1581 387 1660 lustra,
434 1604 560 1664 per
614 1601 752 1664 quae
811 1581 1074 1647 lichenes
1132 1582 1383 1666 larqum
1425 1583 1795 1649 deliciarum
1839 1587 2019 1651 nobis
2046 1586 2462 1668 praebuerunt

156 1684 405 1767 sontem,
448 1682 1057 1766 Lichenoyraphiam
1108 1682 1635 1752 Scandinavicam
1677 1690 1969 1773 conficere
2018 1709 2258 1754 summe
2286 1689 2458 1770 eupi-

170 1788 385 1867 vimus,·
452 1787 618 1871 quod
683 1791 889 1851 tamen
952 1786 1088 1851 ideo
1155 1790 1384 1853 iterum
1445 1792 1789 1873 iterumque
1852 1792 2244 1869 distulimus,
2311 1793 2464 1875 quia

171 1891 484 1973 imayinem
540 1890 944 1973 veyetationis
998 1895 1233 1956 nostrae
1290 1892 1643 1971 lichenosae,
1691 1899 1996 1977 quantum
2038 1916 2114 1960 ex
2155 1895 2462 1960 hodierna

171 1996 489 2075 coynitione
516 1994 674 2078 fieri
700 1997 949 2074 posset,
992 1995 1265 2059 maxime
1292 1994 1500 2078 fidam
1544 1998 1933 2078 exprimendi
1982 1998 2188 2063 studio
2201 1998 2461 2082 fuimus

169 2095 333 2160 ducti.
437 2098 631 2179 Quem
703 2096 942 2161 laboris
999 2097 1187 2176 finem
1251 2100 1362 2181 qui
1425 2098 1550 2163 sibi
1605 2102 2039 2181 proposuerit,
2095 2121 2252 2183 opus
2305 2121 2463 2165 sane

171 2196 530 2264 laboriosum
584 2201 877 2282 suscepit.
964 2198 1237 2265 Minime
1292 2221 1660 2283 speramus,
1704 2222 1821 2266 nos
1865 2203 1954 2268 ad
1993 2204 2271 2286 effectum
2313 2225 2457 2268 con-

169 2300 432 2366 siliorum
460 2304 863 2384 pervenisse;
891 2323 998 2379 ne,
1032 2303 1257 2385 quibus
1288 2306 1374 2367 sit
1403 2304 1733 2369 obnoxium
1763 2304 2273 2390 difficultatibus,
2305 2307 2460 2372 obli-

169 2405 465 2468 viscantur
507 2405 763 2471 lectores
778 2454 793 2483 ,
824 2407 1105 2488 petimus
1136 2426 1573 2490 royamusque.

344 2510 539 2574 Fines
606 2511 975 2586 terminare,
1052 2510 1281 2592 quibus
1341 2511 1876 2600 circumscribitur
1943 2511 2164 2578 Florce
2226 2519 2462 2579 nostrae

172 2614 564 2689 territorium,
622 2633 751 2677 non
809 2612 907 2696 (ut
957 2612 1271 2676 interdum
1299 2613 1411 2697 fit)
1454 2617 1548 2678 est
1590 2615 2008 2680 omittendum.
2101 2617 2321 2683 Totam
2362 2620 2461 2682 in-

168 2711 399 2779 cludunt
443 2714 736 2780 Daniam
751 2762 766 2791 ,
816 2713 1106 2779 Sueciam
1119 2764 1135 2794 ‚
1182 2714 1593 2798 Norveyiam,
1642 2717 1954 2781 Fenniam
1985 2724 2169 2802 atque
2203 2722 2463 2802 insuper

169 2836 264 2879 eas
311 2816 561 2882 Rossioe
602 2821 863 2899 partes,
920 2836 1060 2900 quoe
1118 2816 1380 2882 Fennioe
1433 2817 1725 2900 adjacent
1776 2841 1998 2903 neque,
2045 2824 2176 2887 sive
2216 2829 2458 2906 veycta-

170 2915 373 2984 tionem
416 2921 727 3002 respicias
771 2921 903 2984 sive
941 2918 1293 3002 yeoloyicas
1318 2919 1778 3003 formationes,
1825 2924 1904 2989 ab
1957 2922 2076 2988 illa
2128 2925 2462 2990 admodum

169 3019 461 3101 differunt.
569 3020 887 3087 Orientem
929 3040 1154 3087 versus
1197 3027 1372 3110 sunt,
1386 3023 1581 3104 iyitur
1628 3027 1880 3089 termini
1920 3029 2228 3092 territorii
2257 3031 2465 3094 nostri

169 3123 335 3189 iidem
386 3130 571 3209 atque
623 3124 757 3203 illi,
811 3126 920 3207 qui
971 3113 1046 3189 in
1094 3117 1344 3205 mappis
1394 3126 1888 3208 yeoyraphicis,‘
1911 3150 1952 3193 a
2001 3129 2302 3195 Societate
2333 3153 2460 3213 pro

171 3223 218 3287 F
225 3225 352 3290 lora
408 3233 465 3292 et
521 3227 760 3293 Fauna
814 3228 1097 3293 Fennica
1149 3227 1332 3292 editis
1347 3277 1362 3306 ,
1418 3233 1569 3293 sunt
1598 3231 1819 3310 positi.
1916 3229 2461 3314 Supervacaneum

165 3328 236 3390 sit
277 3350 513 3395 monere
531 3379 546 3408 ,
579 3331 779 3414 fines,
834 3350 989 3414 quos
1047 3331 1260 3396 dicunt
1304 3330 1629 3413 politicos,
1686 3353 1813 3398 non
1866 3354 2110 3417 semper
2152 3355 2289 3402 esse
2330 3358 2449 3401 na-

170 3425 309 3517 tura·
348 3435 791 3498 convenientes.

317 3535 450 3601 Hoc
494 3536 865 3618 opusculum
905 3536 1435 3601 conscribentibus
1478 3536 1610 3603 haec
1653 3538 1832 3603 nobis
1882 3539 2058 3604 cordi
2082 3539 2395 3623 fuerunt:

315 3639 572 3721 plenum
618 3643 676 3704 et
717 3640 938 3704 critica
979 3641 1225 3705 ratione
1263 3645 1601 3706 tractatum
1643 3646 2035 3723 conspectum
2075 3643 2351 3706 omnium
2391 3643 2461 3706 in

174 3741 343 3806 terris
393 3742 873 3808 Scandinavicis
917 3743 1119 3807 adhuc
1164 3743 1458 3809 lectorum
1504 3744 1808 3809 lichenum
1852 3744 2101 3809 tradere
2115 3763 2137 3822 ;

326 3851 599 3928 repertos
647 3844 911 3911 lichenes
955 3866 1283 3929 eorumque
1321 3848 1748 3929 yravissimas
1773 3847 2064 3929 formas,
2108 3867 2247 3931 quae
2291 3847 2464 3928 apud

169 3965 269 4010 nos
309 3951 507 4032 viyent
525 4000 540 4029 ‚
587 3954 877 4014 accurate
919 3949 1300 4027 describere;

318 4053 569 4118 illorum
612 4073 735 4134 per
792 4051 1010 4117 Florce
1062 4056 1299 4116 nostrae
1340 4052 1625 4133 reqiones
1670 4052 2197 4131 distributionem,
2244 4057 2458 4136 quate-

173 4171 278 4217 nus
316 4161 473 4221 certo
518 4160 612 4221 est
655 4155 905 4235 coynita
948 4161 1085 4237 (nec
1127 4153 1363 4238 ultra),
1410 4174 1747 4236 exponere;

320 4278 525 4323 omnes
590 4277 633 4320 a
697 4258 1109 4338 scriptoribus
1172 4257 1651 4323 Scandinavicis
1706 4262 1988 4339 reccptas
2040 4259 2461 4341 descriptasve

174 4360 410 4437 species,
453 4362 822 4438 varietates,
849 4359 1113 4443 formas
1157 4362 1388 4445 afferre
1431 4365 1487 4424 et
1530 4361 1810 4424 examini
1852 4362 2192 4443 subjicere,-

320 4483 525 4528 omnes
572 4461 838 4526 lichenes
854 4511 868 4540 ,
914 4483 1069 4546 quos
1114 4485 1191 4529 ex
1233 4464 1500 4545 Europa
1530 4451 1743 4527 attulit
1763 4468 1952 4546 pater
1983 4463 2458 4548 Lichenoloyioe,

185 4556 481 4628 Achai-ius
524 4569 785 4630 nostras
798 4614 813 4644 ,
855 4564 1070 4630 sedulo
1096 4570 1497 4638 examinare.
