3177 5011
1351 298 1434 365 67

247 450 365 522 Syn.
404 471 458 524 p.
480 453 584 509 266
619 473 673 527 p.
694 456 771 527 p.)
808 456 895 510 vix
928 453 1107 509 differt
1141 453 1245 508 nisi
1279 453 1510 526 podetiis
1544 451 1885 510 validioribus
1904 454 2049 525 (circ.
2075 454 2108 507 1
2127 455 2294 526 mm).
2332 452 2569 524 Utraque

248 526 295 594 K
326 541 473 595 luteo
510 544 742 614 tingitur
779 541 967 597 colore.
1010 573 1068 581 —
1110 540 1303 595 Forma
1337 542 1553 596 clavata
1587 542 1753 596 Meth.
1791 558 1840 612 p.
1880 541 1984 594 334
2020 542 2137 611 (sub
2173 544 2245 597 B.
2284 543 2567 613 deformt),

245 625 361 695 Syn.
401 644 457 696 p.
497 629 600 682 267
646 629 728 698 (C.
749 634 973 683 cornuta
1008 634 1062 698 β.
1090 628 1416 682 Ζαηιὺνίεαῑίε
1450 628 1606 683 Univ.
1633 647 1682 699 p.
1705 629 1832 700 546)
1866 645 1896 683 e
1933 630 2194 684 contrario
2230 615 2279 684 Ϊ(
2315 646 2419 684 non
2455 631 2566 685 tin-

246 711 415 781 giam
474 717 559 767 est
603 713 772 771 forma
813 732 856 770 c.
892 716 973 771 Οἱ.
1013 714 1335 770 ΡὶόνῘεεαηω
1367 716 1581 771 sterilis.
1625 746 1685 756 -—
1723 716 1845 771 Ver.
1882 723 2139 771 coronata
2174 716 2338 771 Meth.
2376 735 2426 787 p.
2465 718 2568 771 333

245 800 361 867 (sub
400 802 605 856 Boeom.
645 804 920 875 diyitata),
972 802 1125 857 Univ.
1163 820 1213 873 p.
1253 803 1357 855 539
1393 802 1512 872 (sub
1549 802 1606 857 Ο.
1645 802 1924 873 deformi),
1964 802 2087 873 Syn.
2125 820 2174 873 p.
2213 803 2316 856 267
2354 803 2473 873 (snb
2510 804 2566 859 0.

244 887 520 958 baculam)
545 891 639 959 (=
657 889 735 945 01.
756 889 1037 943 macilenta
1071 889 1119 942 b.
1149 889 1505 959 polydactyla
1537 890 1625 943 Fr.
1653 889 1708 942 L.
1734 887 1795 944 E.
1833 908 1882 960 p.
1920 890 2049 954 241,
2087 889 2207 959 Nyl.
2227 889 2349 959 Syn.
2367 908 2420 961 p.
2443 891 2570 962 224)

243 974 469 1044 insignis
520 981 604 1030 est
651 977 943 1030 maa'lentoe
977 975 1146 1029 forma
1183 975 1255 1044 (Κ
1275 979 1363 1045 ÷)
1401 975 1659 1046 ”podetiis
1695 975 1993 1045 cylindricis
2028 977 2410 1047 pulverulentis
2445 979 2570 1033 sub-

244 1061 702 1133 sqnamulosisque
716 1106 729 1128 ,
789 1063 1019 1117 ramulis
1069 1062 1576 1131 diyitato·rad2‘at123,·
1631 1063 1922 1133 apotheeiis
1957 1063 2323 1118 terminalibus
2359 1064 2571 1135 subglo·

240 1148 381 1202 hosis
418 1151 725 1205 coccineis.”
749 1181 808 1190 —
836 1149 899 1202 In
934 1149 1021 1203 hb.
1060 1148 1191 1202 Ach.
1230 1164 1334 1202 non
1369 1150 1638 1219 potuimus
1674 1151 1907 1205 invenire
1945 1150 2065 1206 Cen.
2102 1157 2376 1207 cao-catam
2411 1151 2568 1208 Univ.

242 1253 288 1305 p
329 1236 439 1289 568
477 1236 562 1306 (C.
601 1237 777 1292 bam'll.
815 1237 860 1290 b.
897 1241 1169 1290 cor-catam
1205 1234 1326 1306 Syn.
1364 1253 1412 1306 p.
1451 1237 1605 1306 266);
1643 1237 1729 1290 vix
1765 1236 1947 1292 eadem
1972 1241 2055 1293 est
2077 1256 2138 1294 ac
2165 1240 2283 1305 illa,
2322 1257 2435 1311 qnae
2469 1241 2569 1295 hoo

240 1324 453 1377 nomine
516 1325 574 1378 in
628 1323 745 1394 Nyl.
784 1322 969 1378 Scand-
1005 1340 1055 1393 p.
1092 1322 1161 1375 62
1213 1322 1476 1377 salutatur
1510 1328 1671 1393 atque
1705 1324 1775 1379 ad
1811 1324 1892 1379 CI.
1931 1324 2296 1383 Florkeamzm
2330 1344 2373 1383 c.
2407 1329 2572 1399 perti-

239 1414 348 1463 net.
391 1442 460 1450 -
500 1410 694 1465 Forma
728 1411 1012 1466 macilenta
1045 1409 1213 1464 Meth.
1250 1427 1300 1480 p.
1340 1411 1467 1474 330,
1524 1410 1679 1465 Univ.
1717 1428 1766 1482 p.
1805 1413 1934 1477 543,
1975 1413 2166 1469 merito
2201 1415 2256 1468 in
2291 1413 2414 1484 Syn.
2453 1430 2572 1469 cum

238 1496 409 1549 forma
456 1497 709 1568 primaria
746 1498 802 1553 C.
838 1497 1116 1551 bacillum
1164 1495 1372 1566 juncta,
1410 1500 1493 1551 est
1529 1498 1731 1569 optima.
1765 1502 1946 1553 nostra
1981 1499 2060 1554 CI.
2098 1502 2325 1571 dubitata
2361 1501 2572 1555 *maci-

243 1583 389 1636 lenta
436 1582 637 1654 (K÷).
678 1616 739 1624 —
780 1584 863 1639 Ad
900 1584 955 1639 C.
987 1583 1317 1654 fimbriatum
1371 1585 1605 1654 pertinet
1657 1587 1912 1656 apolepta
1946 1587 2113 1641 Meth.
2150 1607 2203 1660 p.
2244 1590 2374 1653 330,
2411 1587 2568 1642 Univ.

236 1687 288 1740 p.
331 1671 466 1735 5423
506 1670 576 1726 ad
611 1669 669 1726 0.
709 1671 984 1742 dzyitatam
1022 1688 1073 1725 a.
1108 1685 1231 1726 vero
1268 1673 1537 1743 brachytes
1568 1672 1738 1727 Meth.
1777 1691 1826 1746 p.
1865 1674 1993 1738 329,
2031 1673 2186 1729 Univ.
2221 1692 2271 1746 p.
2310 1676 2432 1730 544.

865 1991 924 2056 5.
1011 1994 1121 2055 CL.
1168 1991 1530 2054 DIGITATA
1576 1992 1703 2065 (L.)
1748 1993 1953 2053 Hoflm.

414 2124 681 2191 Podetia
720 2128 920 2211 primo
953 2129 1436 2215 subeylindrioa,
1469 2112 1957 2211 simpliciuseula
1988 2128 2362 2211 cornutaque
2379 2175 2395 2206 ,
2429 2126 2571 2192 dein

239 2228 312 2291 in
366 2228 638 2311 scyphos
706 2231 1008 2311 dilatata,
1074 2231 1721 2316 domato-turbinata
1774 2250 1830 2294 v.
1874 2229 2420 2313 subtubaeformz'a,
2466 2250 2568 2295 su-

241 2349 434 2413 perne
486 2332 739 2413 pallide
792 2334 1180 2402 ochroleuco-
1235 2357 1291 2401 v.
1336 2331 2043 2415 albidoffpulvmma,
2086 2334 2224 2399 basi
2267 2335 2573 2399 corticata

244 2435 311 2499 et
357 2432 800 2519 subrugulosa3
847 2437 1064 2523 scyphi
1128 2437 1315 2524 vulgo
1381 2436 1661 2522 angusti,
1706 2435 1985 2519 margine
2029 2435 2282 2502 incurvo
2326 2436 2571 2520 integro

243 2557 305 2602 v.
351 2556 497 2602 mox
542 2538 967 2622 irregulariter
1010 2541 1207 2607 diviso
1252 2541 1594 2606 breviterve
1639 2539 1964 2623 prolifer03
2030 2539 2448 2625 phyllooladia
2486 2540 2575 2605 ad

246 2640 438 2705 basin
481 2643 641 2712 sita.
708 2644 1282 2711 rotundato-lebate
1323 2662 1382 2708 v.
1430 2641 1938 2721 erenato-incisa,
1984 2643 2215 2727 pallide
2259 2643 2569 2709 virescen-

242 2744 369 2823 tia,
418 2744 636 2810 subtus
679 2745 887 2812 albida
930 2747 995 2812 et
1038 2746 1375 2831 saepissime
1412 2744 1878 2830 pulverulenta.

389 2864 531 2934 Syn.
603 2864 804 2920 Ln'cloen
838 2865 1094 2936 diqu'tatus
1127 2864 1278 2920 Linn.
1317 2864 1403 2935 Sp.
1442 2863 1511 2935 pl.
1549 2864 1735 2934 (1753)
1769 2882 1822 2934 p.
1859 2864 2025 2928 1152,
2061 2863 2143 2920 Pl.
2179 2865 2325 2921 Suec.
2355 2884 2408 2937 p.
2437 2866 2570 2929 422,

246 2951 379 3007 Aah.
415 2952 602 3008 Prodr.
639 2972 690 3026 p.
727 2952 846 3006 188.
886 2983 949 2993 —
987 2950 1255 3006 Gladom'a
1291 2951 1484 3005 Hoffm.
1520 2950 1588 3005 D.
1629 2949 1712 3004 Fl.
1749 2949 1805 3004 11
1841 2949 2026 3020 (1795)
2061 2968 2112 3021 p.
2148 2954 2277 3019 124,
2317 2953 2404 3007 Fr.
2425 2952 2483 3008 L.
2506 2954 2568 3008 E.

246 3057 300 3110 p.
338 3040 470 3103 240,
524 3039 687 3096 Korb.
723 3037 860 3109 Syst.
908 3055 959 3109 p.
997 3039 1091 3103 30,
1147 3038 1247 3093 Th.
1285 3036 1374 3092 Fr.
1426 3038 1573 3091 Aret.
1611 3054 1662 3106 p.
1701 3038 1828 3101 155,
1883 3038 2007 3109 Nyl.
2047 3038 2229 3094 Scand.
2284 3058 2336 3112 p.
2376 3039 2462 3094 61.
2505 3070 2570 3080 -

246 3127 554 3197 Baeomyoes
605 3125 738 3181 Aah.
775 3125 943 3180 Met-h.
981 3142 1031 3196 p.
1070 3126 1198 3191 333,
1238 3124 1427 3195 Wnbg.
1462 3122 1546 3178 Fi.
1584 3120 1748 3195 Lapp.
1782 3125 1918 3191 453,
1955 3124 2100 3182 Suec.
2136 3145 2188 3198 p.
2225 3126 2345 3180 888.
2387 3158 2448 3167 -
2482 3126 2573 3182 Ge-

251 3230 467 3284 nomyce
501 3214 634 3269 Ach.
671 3212 793 3283 Syn.
828 3230 877 3283 p.
917 3212 1038 3266 267.

397 3299 679 3370 Cenmnyce
717 3298 973 3367 deformis
1005 3317 1055 3369 y.
1096 3297 1323 3368 dtyitata
1355 3295 1487 3352 Ach.
1524 3294 1682 3351 Univ.
1721 3312 1773 3365 p.
1810 3295 1928 3349 539.

391 3386 661 3441 Gladom‘a
695 3386 955 3455 cocchera
990 3385 1036 3439 b.
1074 3385 1302 3456 dae'yitata
1336 3384 1424 3438 Br.
1463 3387 1518 3439 et
1552 3382 1729 3439 Rostr.
1764 3382 1902 3437 Dan.
1941 3400 1992 3455 p.
2031 3382 2100 3436 42
2138 3383 2211 3453 (p.
2234 3398 2369 3436 max.
2390 3384 2571 3455 part).

391 3471 532 3528 Exs.
603 3472 662 3527 L.
699 3472 788 3529 Su.
827 3474 912 3528 85.
954 3503 1018 3513 ——
1052 3470 1236 3528 Stenh.
1274 3470 1394 3525 195.

421 3577 523 3644 Ad
576 3579 825 3645 truncos
878 3579 1154 3646 vetustos
1205 3577 1497 3661 lignaque
1555 3575 1792 3641 cariosa
1834 3572 2142 3658 praecipue
2184 3574 2388 3657 viget,
2433 3594 2573 3659 par-

246 3681 385 3747 cius
450 3681 528 3748 ad
591 3681 854 3759 terram,
919 3681 985 3746 in
1049 3679 1221 3746 silvis
1285 3677 1789 3760 nemoribusque3
1855 3675 2007 3741 loeis
2075 3677 2300 3760 apricis
2345 3677 2574 3742 formas

249 3785 435 3850 modo
478 3784 763 3849 reductas
807 3783 1059 3868 profert.
1126 3784 1200 3848 In
1255 3780 1483 3847 Dania
1523 3780 1757 3864 passim
1800 3778 1963 3845 lecta
2007 3777 2145 3863 (Br.
2193 3779 2257 3843 et
2298 3777 2571 3862 Rostr.);

249 3887 315 3952 in
365 3886 595 3952 Suecia
637 3906 673 3951 a
718 3887 938 3953 Seania
1000 3906 1109 3971 per
1175 3904 1385 3952 omnes
1427 3885 1714 3968 regiones
1768 3881 2063 3947 haetenus
2120 3882 2539 3964 perscrutatas
2556 3929 2573 3959 ,

252 3990 445 4055 etiam
490 3987 885 4056 Gotlandiam
931 3989 1066 4075 (W.
1113 3987 1345 4073 Moler)
1363 4036 1378 4065 ,
1426 3987 1490 4052 in
1534 3985 1806 4069 Lappon.
1854 3983 2181 4048 Lulensem
2227 3983 2570 4069 (Snjfirrak,

248 4093 631 4178 Njammats:
668 4091 1026 4176 Hellbom);
1073 4091 1137 4157 in
1183 4090 1508 4172 Norveqia
1549 4106 1742 4171 usque
1785 4087 1851 4152 in
1892 4086 2339 4152 Nordlandiam
2386 4085 2572 4152 silva·
2696 4106 2700 4110 ’

252 4197 443 4261 ticam
490 4194 785 4279 (passimz
852 4195 1141 4280 Wnbg.).
1229 4193 1460 4258 Locum
1513 4190 1778 4256 maxime
1846 4189 2386 4272 septentrionalem
2429 4189 2578 4274 (69⁰

253 4295 471 4383 8—9')
517 4299 583 4362 in
630 4298 906 4364 convalle
949 4296 1329 4364 Maalselven
1372 4295 1465 4381 (N
1468 4293 1658 4380 orm.)
1701 4291 2035 4370 inhabitat,
2082 4291 2203 4357 nisi
2244 4291 2457 4376 planta
2499 4292 2576 4357 ad

250 4401 609 4468 Verethavn
674 4420 863 4486 prope
922 4399 1173 4466 Maasoe
1238 4398 1612 4465 Finmarkiae
1674 4415 1712 4462 a
1753 4394 1984 4479 Wnbg.
2031 4395 2282 4460 inventa
2323 4412 2391 4459 re
2434 4413 2580 4460 vera

250 4504 370 4574 huc
441 4505 770 4593 pertineat.
879 4504 955 4573 In
1022 4502 1274 4573 Fennia
1336 4520 1527 4591 usque
1594 4501 1659 4568 in
1721 4500 2005 4586 regiones
2077 4499 2270 4587 Lapp.
2332 4498 2579 4568 rossicae
