3177 5011
1325 285 1450 352 295

381 441 497 507 Ad
542 440 802 508 cortices
849 439 1161 506 variarum
1206 440 1497 505 arborum
1541 439 1955 525 fruticumque
1998 437 2423 505 frondosarum
2449 458 2558 523 per

190 544 510 629 regiones
577 545 848 612 omnium
916 562 1244 627 regnorum
1302 542 1736 609 meridionales
1786 543 2142 626 mediasque
2184 542 2297 607 sub
2344 562 2556 607 nume-

190 648 364 712 rosis
443 649 665 713 formis
733 648 1036 730 frequens,
1136 645 1630 731 Septentrionem
1702 666 1914 711 versus
1968 646 2225 711 rarescit
2281 645 2379 709 vel
2439 664 2558 709 non

187 749 406 815 adest.
511 751 673 815 Loca
737 749 1001 814 maxime
1069 748 1368 827 borealia,
1423 747 1530 812 ubi
1585 748 1880 813 hactenus
1927 749 2019 812 est
2065 747 2256 824 lecta,
2303 750 2447 812 sunt
2494 748 2557 812 in

194 854 557 936 Norveyia
622 851 833 918 Salten
900 851 1296 917 Nordlandiae
1363 850 1679 937 (Smrft.).
1749 852 1812 915 in
1863 850 2090 916 Suece'a
2131 851 2559 917 Randklofven

188 955 629 1039 Medelpadiae
675 954 770 1039 (S.
816 954 1193 1038 Almqvist)‚
1238 956 1302 1019 in
1347 955 1690 1036 Lapponia
1736 954 2011 1019 Ros-sica
2055 955 2379 1033 Imandra,
2434 955 2556 1019 lia-

187 1078 271 1122 νει
321 1062 395 1123 et
445 1059 661 1149 Knasa
713 1057 1027 1142 (Fellman
1083 1061 1145 1123 et
1188 1059 1511 1143 Karsten).
1611 1058 1809 1140 Ligna
1865 1058 2200 1136 denudata,
2262 1059 2552 1123 corticem

182 1161 666 1246 Juniperinum‚
701 1158 936 1249 culmos
966 1163 1242 1226 vetustos
1274 1163 1625 1245 graminum
1655 1164 1772 1225 cet.
1799 1180 1936 1226 raro
1961 1162 2196 1227 incolit.
2230 1199 2310 1209 —
2337 1162 2562 1226 Forma

192 1264 504 1347 paullum
567 1263 855 1328 recedens
924 1263 1000 1328 ad
1068 1284 1210 1329 saxa
1266 1264 1540 1330 calcares.
1595 1266 1657 1330 et
1702 1266 1979 1330 arenaria
2023 1265 2279 1330 habitat.
2369 1266 2556 1329 Lecta

194 1369 299 1431 est
372 1366 444 1430 in
516 1365 866 1451 Sjaellandia
944 1366 1321 1451 (Skjelskorz
1391 1368 1709 1451 Branth),
1748 1367 2043 1434 Oelandia
2084 1368 2417 1454 (Ottenbyz
2468 1369 2553 1434 M.

194 1468 577 1552 moder-us),
625 1467 958 1534 Gotlandia
986 1470 1485 1556 (Thorsburgenz
1520 1473 1864 1547 Lonnroth,
1901 1473 2182 1557 Lojstad:
2218 1472 2512 1537 Hellbom
2537 1521 2552 1548 ‚

196 1574 595 1656 Hoburgen:
643 1573 713 1637 P.
759 1573 830 1638 Τ.
880 1570 1129 1658 cleve),
1176 1574 1428 1639 Noricis
1471 1573 1596 1658 (St.
1642 1574 1932 1640 Mellosa:
1980 1575 2325 1661 Hellbom).

355 1708 575 1780 Species
621 1708 773 1764 valde
817 1712 1024 1781 protea,
1074 1711 1222 1781 cnjus
1265 1711 1459 1765 formas
1504 1711 1558 1765 in
1604 1711 1782 1781 plures
1826 1710 2100 1780 sejungere
2145 1711 2341 1766 frustra
2375 1710 2550 1767 eonati

197 1813 417 1851 sumus.
494 1795 711 1849 Thallus
756 1797 814 1850 in
860 1797 1122 1851 corticolis
1171 1799 1308 1852 haud
1353 1815 1470 1853 raro
1519 1798 1916 1860 crassiusculus‚
1968 1798 2023 1851 in
2065 1798 2328 1868 lignicolis
2365 1814 2552 1852 evane-

200 1901 395 1947 scem,
438 1882 719 1937 obsoletus.
793 1884 1201 1953 Apotheciorum
1236 1886 1467 1940 indolem
1503 1888 1549 1940 si
1586 1885 1828 1955 respicis,
1868 1885 1998 1939 duas
2035 1885 2207 1940 forsan
2234 1885 2558 1956 distinguere

199 1970 380 2024 liceat
417 1969 641 2023 formas:
687 1971 741 2039 a)
785 1971 1078 2040 apotheciis
1114 1970 1274 2042 vulgo
1310 1972 1675 2033 dilatioribus.
1715 1988 1834 2025 mox
1869 1973 2110 2026 convexis
2147 1972 2559 2042 immerginatis-

204 2075 346 2127 que3
394 2057 457 2126 b)
503 2056 886 2111 obscurioribus
929 2058 1334 2127 (rufescentibns
1370 2060 1455 2113 vel
1491 2059 2254 2128 subnigricante-obscuratis),
2291 2058 2400 2113 fere
2438 2075 2559 2127 per-

207 2146 477 2199 sistenter
520 2144 829 2212 marginatis
866 2145 1320 2216 planiusculisque.
1369 2146 1522 2215 Apud
1557 2146 1692 2200 hanc
1730 2146 2031 2215 hymenium
2051 2134 2099 2200 K
2116 2148 2377 2202 imbutum
2398 2144 2555 2215 vulgo

207 2232 425 2285 diutius
463 2231 700 2301 persistit
736 2232 1012 2286 caeruleum
1049 2249 1214 2301 neque
1253 2232 1479 2287 colorem
1504 2234 1710 2287 intense
1733 2233 2031 2294 rubentem,
2054 2234 2145 2288 sed
2164 2232 2369 2287 sordide
2395 2230 2555 2286 viola-

211 2336 398 2382 ceum,
441 2318 664 2372 obtinet.
737 2317 959 2372 Limites
997 2320 1127 2373 certi
1167 2320 1376 2374 omnino
1414 2319 1620 2373 desunt.
1652 2351 1712 2358 -—
1734 2320 2028 2389 Apothecia
2062 2322 2251 2382 O‚2-7
2276 2336 2401 2373 mm.
2423 2318 2557 2383 lata3

209 2406 600 2477 hypothecium
644 2406 812 2459 strato
858 2406 1109 2459 distincto
1153 2407 1414 2476 gonimico
1461 2406 1784 2476 impositum.
1868 2407 2194 2477 Paraphyses
2241 2411 2384 2461 arcte
2432 2422 2553 2460 con-

210 2494 524 2564 glutinatae,
572 2491 729 2560 vulgo
776 2497 902 2547 totae
949 2493 1248 2547 incoloratae
1294 2510 1341 2545 v,
1383 2493 1551 2548 diluto
1588 2492 1883 2557 fuscidulae‚
1923 2493 2184 2564 epithecio
2222 2493 2378 2564 vulgo
2414 2493 2557 2548 nullo

210 2581 477 2636 distincto
525 2597 573 2633 v.
621 2582 767 2634 tenui
811 2581 1153 2636 fuscescente.
1228 2581 1350 2635 Asci
1396 2582 1593 2634 clavati
1637 2598 1686 2634 v.
1723 2581 2145 2635 inflato-clavati.
2218 2580 2393 2651 Sporae
2429 2581 2560 2634 Bmae

214 2669 306 2723 vel
362 2665 653 2737 (interdum
706 2667 762 2720 in
818 2668 1002 2723 eodem
1056 2667 1356 2739 apothecio)
1412 2667 1605 2730 16:11ae,
1668 2669 1914 2737 utrinque
1975 2668 2200 2731 obtusae,
2262 2669 2567 2731 omo—16,

213 2774 344 2810 mm.
381 2756 550 2824 longae
586 2756 642 2809 et
676 2754 939 2815 0,003-5
985 2771 1106 2809 mm.
1145 2770 1345 2809 crassae.
1416 2754 1580 2822 sodo,
1621 2755 1945 2825 praecedente
1983 2755 2398 2816 caerulescentia‚
2439 2754 2557 2824 plus

215 2844 398 2896 minus
432 2842 775 2911 persis-‚tenter
810 2844 866 2893 et
902 2839 1151 2895 distincte
1190 2844 1368 2896 vinose
1407 2840 1559 2896 rubet
1584 2858 1631 2894 v.
1660 2842 2279 2904 violaceo-decoloratur,
2302 2842 2561 2911 hypothe-

110 2929 126 2952 ⁸
216 2931 302 2984 cio
340 2931 499 3011 atque
554 2927 711 2997 vulgo
762 2927 997 2995 apicibus
1033 2944 1268 2982 ascerum
1305 2930 1650 2999 persistenter
1691 2930 1939 2985 caeruleiS.
2014 2928 2350 3002 Epithecium
2387 2927 2560 2981 fusce-

218 3035 374 3073 scens
414 3017 465 3071 K
499 3017 585 3086 (ut
620 3014 757 3085 apud
794 3014 864 3068 L.
904 3014 1181 3081 dimeram)
1219 3016 1277 3070 in
1314 3015 1618 3094 subroseum
1655 3021 1906 3071 mutatur.

366 3121 559 3175 Forma
613 3118 862 3182 saxicola,
918 3135 1032 3188 quae
1082 3149 1142 3158 —-
1192 3121 1469 3175 maximam
1524 3122 1715 3175 saltem
1770 3124 1976 3191 partem
2028 3150 2086 3159 —-
2132 3121 2215 3172 est
2269 3118 2559 3172 Biatorina

210 3208 586 3279 protensormzls
631 3206 812 3267 Mass,
859 3205 1020 3258 Korb.
1070 3223 1111 3258 s.
1162 3207 1466 3262 Patellaria
1513 3208 1888 3262 Rabenhorstii
1932 3207 2110 3277 Hepp,
2150 3208 2326 3259 crusta
2362 3205 2562 3259 recedit

222 3298 384 3366 vulgo
440 3294 796 3356 distinctiore;
854 3295 1107 3361 praeterea
1160 3312 1191 3347 a
1242 3295 1410 3349 forma
1462 3313 1508 3361 a.
1564 3312 1721 3365 supra
1764 3294 1927 3348 allata
1970 3293 2115 3346 nullo
2160 3294 2313 3362 pacto
2360 3290 2556 3345 differt.

222 3385 310 3439 Ad
349 3384 645 3437 cementum
683 3383 738 3433 et
775 3395 899 3431 saxa
935 3381 1044 3431 tarn
1083 3380 1315 3434 calcarea
1351 3398 1505 3450 quarn
1543 3381 1805 3451 granitica
1841 3396 2106 3434 murorum
2143 3380 2213 3447 (v.
2252 3395 2292 3431 c.
2333 3377 2400 3431 ad
2435 3377 2563 3431 Hel-

223 3471 479 3540 singborg
530 3467 753 3521 Scaniae:
811 3465 870 3518 E.
927 3465 1044 3533 Fr„
1098 3465 1394 3536 Upsaliam,
1451 3469 1505 3522 in
1569 3469 1669 3522 ins.
1738 3467 2032 3521 Alandicis:
2101 3465 2158 3519 Ε.
2222 3465 2371 3535 Nyl.)
2432 3465 2563 3519 locis

223 3556 515 3613 humidulis
560 3552 759 3608 recedit
805 3556 980 3606 crusta
1023 3553 1532 3623 leproso-granulata
1550 3593 1562 3616 ,
1615 3553 1885 3615 diffracta,
1926 3553 2412 3615 olivaceo-cinerea‚
2452 3569 2562 3605 sor-

224 3646 350 3700 dide
400 3645 606 3698 cinerea
652 3658 700 3693 v.
745 3642 1063 3701 virescente,
1112 3641 1405 3709 apotheciis
1450 3641 1628 3710 paullo
1668 3639 1954 3709 majoribus
1990 3639 2079 3708 (ad
2116 3641 2145 3693 1
2185 3642 2355 3710 mm),
2392 3640 2563 3694 fusco-

224 3731 354 3786 rnfis
405 3746 455 3782 v.
511 3727 974 3790 livido-testamur,
1043 3727 1269 3792 innatis,
1337 3726 1675 3797 planiusculis
1733 3743 1783 3779 v.
1842 3725 2273 3790 convexiusculis,
2328 3725 2564 3794 margine

227 3817 455 3872 thallino
500 3815 657 3885 vulgo
704 3814 908 3869 cinctis.
979 3814 1266 3867 Rarissime
1306 3813 1460 3867 adest
1496 3813 1680 3868 eadem
1717 3813 1783 3867 ad
1818 3814 1965 3883 ligna
1999 3814 2367 3884 putrescentia.
2437 3812 2561 3878 Quoe

226 3904 440 3976 proprio
474 3903 682 3956 nomine
720 3905 801 3955 est
837 3901 1028 3970 digna3
1069 3903 1150 3954 est
1189 3916 1296 3953 var.
1337 3901 1533 3970 erysibe
1567 3900 1786 3970 (Lakhm
1822 3901 2018 3971 erysibe
2052 3900 2384 3955 Ach.Prodr.
2406 3918 2454 3970 p.
2478 3901 2560 3962 50,

227 3991 458 4046 Lecidea
492 3989 656 4042 Meth.
696 4007 742 4059 p.
782 3990 875 4052 62,
917 3990 1146 4042 Biatora
1182 3986 1269 4040 Fr.
1309 3987 1368 4040 L.
1407 3986 1468 4040 E.
1507 4005 1556 4057 p.
1598 3988 1725 4051 271,
1764 3988 2045 4044 Lecanora
2080 3987 2197 4058 Nyl.
2225 3987 2350 4041 Not.
2378 3986 2562 4040 Sallsk.

227 4098 276 4150 p.
315 4077 376 4131 F.
413 4080 468 4131 et
505 4076 582 4129 Fl.
621 4075 681 4129 F.
724 4075 878 4129 Ferh.
915 4075 992 4128 lv
1024 4093 1075 4144 p.
1116 4073 1244 4135 239,
1297 4073 1482 4127 Scand.
1522 4091 1570 4143 p.
1617 4074 1746 4139 167;
1786 4075 2013 4129 Lecislea
2052 4074 2247 4129 luteola
2285 4093 2328 4126 ε.
2370 4074 2564 4142 erysibe

230 4165 360 4220 Ach.
399 4164 516 4219 Vet.
553 4164 652 4218 Ak.
693 4162 882 4216 Handl.
927 4162 1060 4214 1808
1095 4179 1147 4231 p.
1190 4162 1322 4224 266,
1364 4161 1516 4214 Univ.
1555 4179 1604 4232 p.
1645 4161 1775 4224 196,
1816 4161 1935 4230 Syn.
1971 4179 2020 4231 p.
2059 4161 2168 4228 42).

374 4288 488 4341 θὴς.
559 4285 820 4339 Primaria
867 4283 1042 4338 Leeid.
1089 4284 1312 4352 cyr-tella
1357 4283 1486 4337 Ach.
1537 4282 1702 4335 Meth.
1752 4299 1779 4336 e
1827 4282 2011 4337 Suecia
2046 4283 2255 4338 omnino
2291 4286 2375 4337 est
2409 4282 2590 4351 hujus·

233 4373 430 4443 speciei
474 4373 642 4427 forma
684 4389 730 4425 a.
777 4387 934 4442 supra
970 4369 1257 4440 descripta,
1299 4370 1466 4440 sporis
1506 4368 1663 4437 vulgo
1703 4368 1875 4421 16:nis
1911 4371 2224 4438 (Biaton'na
2257 4371 2566 4424 sambucina

236 4460 394 4514 Korb.
434 4460 531 4529 Pg.
572 4476 622 4529 p.
662 4459 812 4526 137);
852 4457 974 4512 dein
1010 4458 1091 4511 illi
1128 4457 1386 4526 adjuncta
1424 4459 1547 4510 sunt
1581 4456 1823 4510 Latmia
1857 4456 2060 4510 dimera
2094 4459 2151 4509 et
2185 4458 2407 4527 cyrtella
2429 4458 2565 4511 ascis

235 4546 525 4618 octosporis
561 4549 720 4616 atque
764 4544 993 4599 Lecidea
1027 4545 1372 4598 enteroleuca.
1445 4542 1643 4597 Eadem
1684 4542 1780 4596 '‘B.
1817 4544 2154 4598 sammua*
2188 4548 2273 4598 est
2311 4547 2564 4615 praeterea
