3177 5011
1736 322 1861 390 246

1190 475 1294 540 21.
1383 479 1450 541 L.
1496 479 1821 542 SOBDIDA
1866 482 2086 556 (Pers.)
2128 483 2234 545 Th.
2283 486 2380 546 rr.

785 609 1007 681 Crusta
1049 615 1360 701 contigua,
1393 616 1534 682 dein
1557 616 2115 693 rimoso-areolam,
2147 618 2367 685 albida
2385 621 2482 686 vel
2502 623 2957 691 ciuem-scente-

630 733 687 780 v.
728 714 1315 798 ymmo-albicans,-
1378 721 1702 805 apotheoia
1743 723 1967 787 orustae
2008 723 2236 788 innata
2276 746 2332 787 v.
2378 725 2712 807 adpressa,
2754 733 2958 811 primo

630 818 951 904 subplana,
995 823 1137 889 dein
1181 823 1406 907 saepius
1449 842 1737 904 convexa,
1783 846 2019 890 carnea
2069 824 2356 905 lim'dave,
2402 830 2959 911 caesio-pruinosa,

631 922 912 1006 margine
956 926 1229 993 thallode
1283 930 1455 993 tenui
1503 930 1905 1011 inteyerrimo
1958 928 2204 993 demum
2245 929 2534 1005 excluso:
2577 933 2958 1017 paraphyses

630 1025 1012 1108 incoloratoe,
1056 1029 1359 1114 epitheoio
1404 1030 1735 1115 granuloso
1782 1031 2160 1098 fusoescente
2196 1034 2405 1110 tecssae;
2453 1054 2649 1120 sporae
2692 1041 2952 1113 octonoe,

632 1126 1035 1211 ellipsoz'deae.

774 1247 913 1318 Syn.
984 1250 1185 1306 Lichen
1218 1252 1471 1308 sordidum
1505 1253 1650 1308 Pers.
1688 1254 1744 1308 in
1779 1252 1898 1309 Uet.
1936 1252 2069 1310 Ann.
2106 1254 2211 1310 Vn
2245 1256 2428 1326 (1794)
2465 1274 2516 1329 p.
2555 1258 2640 1312 26.
2684 1290 2747 1300 -
2784 1261 2963 1316 Zeora

633 1332 796 1390 Korb.
834 1335 972 1406 Syst.
1009 1355 1061 1408 p.
1101 1339 1221 1394 133.
1260 1370 1324 1379 —
1362 1340 1643 1397 Lmoora
1694 1338 1794 1394 Th.
1851 1339 1940 1396 Fr.
1994 1343 2139 1396 Aret.
2195 1360 2246 1413 p.
2294 1344 2397 1398 115
2450 1345 2604 1414 (excl.
2640 1348 2729 1418 7.),
2768 1347 2860 1402 Br.
2898 1351 2958 1403 et

639 1421 813 1476 Rostr.
850 1423 985 1478 Dan.
1021 1443 1071 1495 p.
1110 1427 1193 1480 74.

771 1507 1415 1569 Μαιήιηοειωῐίοὲι.
1452 1513 1635 1569 Prodr.
1670 1513 1837 1570 eci-I.
1872 1532 1927 1585 p.
1966 1515 2087 1578 225,
2124 1513 2209 1570 ed.
2250 1517 2298 1569 2.
2335 1533 2386 1587 p.
2425 1519 2545 1572 275.

773 1595 1056 1653 Lacunam
1086 1601 1371 1669 qlauooma
1404 1600 1748 1671 Ny1.s‹>and.
1785 1620 1833 1673 p.
1874 1602 1993 1657 159.

810 1724 870 1768 a.
919 1707 1326 1786 glauooma
1369 1706 1668 1792 (Hoffm.)
1714 1708 1828 1773 Th.
1875 1707 2010 1772 Fr.:
2057 1706 2377 1791 apothecis.
2423 1708 2647 1792 saepius
2670 1727 2963 1789 convexa,

640 1804 856 1887 livida,
905 1809 1093 1876 dense
1123 1812 1466 1893 pruinosa.

777 1926 913 1997 Syn.
996 1928 1317 1984 Verrucam'a
1346 1928 1633 1999 ylauooma
1665 1928 1856 1984 Hoffm.
1895 1930 1958 1984 D.
1995 1927 2076 1983 Fl.
2113 1927 2168 1982 11
2205 1928 2391 1999 (1795)
2425 1948 2475 2000 p.
2514 1929 2632 1983 172.
2675 1962 2735 1970 -
2763 1930 2963 1987 Lichen

636 2012 765 2066 th.
819 2013 1002 2068 Prodr.
1057 2032 1105 2085 p.
1161 2016 1243 2068 56.
1286 2046 1347 2055 -
1388 2016 1663 2070 Par-melia
1716 2015 1847 2069 Aah.
1903 2015 2068 2070 Meth.
2123 2033 2174 2086 p.
2234 2015 2355 2069 160.
2399 2047 2462 2056 —-
2500 2017 2783 2072 Lecanora
2829 2018 2963 2072 Ach.

636 2096 790 2152 Univ.
827 2117 881 2170 p.
920 2087 1039 2166 362,
1076 2103 1198 2158 Vet.
1244 2102 1343 2157 ΑΒ.
1387 2102 1578 2157 Handl.
1625 2102 1764 2156 1810
1798 2120 1848 2173 p.
1895 2103 1961 2155 72
2007 2103 2064 2156 et
2107 2099 2225 2171 Syn.
2265 2120 2315 2173 p.
2355 2102 2455 2156 165
2493 2105 2651 2173 (omn.
2692 2121 2786 2176 pro
2823 2122 2962 2159 max.

639 2186 1054 2328 Pamssamelia
1087 2274 1311 2329 sordida
1349 2296 1399 2329 α.
1430 2276 1714 2346 glaucoma
1749 2275 1836 2330 Fr.
1876 2272 1937 2328 L.
1977 2271 2038 2326 E.
2078 2289 2127 2342 p.
2164 2273 2269 2326 178
2306 2273 2455 2342 (excl.
2494 2274 2554 2306 ”
2591 2277 2648 2329 et
2682 2274 2813 2341 *“).

777 2357 914 2412 Exs.
952 2363 1009 2415 et
1044 2360 1179 2432 Fig.
1252 2362 1316 2416 L.
1354 2362 1439 2417 Su.
1477 2364 1596 2418 363.
1635 2394 1699 2404 -
1737 2362 1818 2417 ΓΙ.
1856 2360 1922 2414 D.
1948 2358 2069 2415 468.
2108 2360 2140 2412 2
2177 2358 2252 2430 (Ρ)
2277 2362 2333 2414 et
2358 2361 2391 2415 3
2414 2364 2574 2432 atque
2599 2363 2966 2430 1349<”Lic10.

640 2444 945 2518 οἰκονομῶ).
989 2477 1051 2486 -
1088 2446 1175 2502 Sv.
1214 2447 1332 2502 Bot.
1369 2449 1474 2503 576
1508 2449 1573 2503 A.

803 2554 862 2635 β.
903 2553 1329 2622 subeamne.
1370 2553 1557 2638 (Sur.)
1604 2554 1721 2620 Th.
1766 2554 1897 2620 Fr:
1944 2553 2266 2637 apothecis
2289 2556 2513 2640 saepius
2544 2556 2958 2641 planiusoula,

635 2675 892 2732 carnea,
938 2657 1206 2721 tenuiter
1235 2659 1580 2738 pruinosa.

774 2772 971 2828 Hel-m
1001 2773 1329 2829 subeam
1361 2773 1460 2829 ὃν.
1496 2776 1552 2830 in
1587 2776 1709 2831 Vet.
1747 2774 1845 2830 Ak.
1882 2774 2076 2830 Handl.
2116 2778 2253 2832 1791
2292 2796 2344 2849 p.
2381 2779 2505 2838 126
2539 2777 2670 2832 Aeh.
2711 2778 2832 2833 Vet.
2856 2779 2963 2833 Ak.

636 2859 829 2914 Handl.
865 2862 1005 2915 1794
1039 2879 1089 2932 p.
1142 2861 1244 2914 187
1299 2864 1356 2916 et
1398 2862 1623 2917 tab.V1
1666 2862 1705 2917 f.
1752 2865 1804 2927 4,
1843 2861 2153 2932 Wnbg.F1.
2191 2863 2340 2920 Suec.
2380 2884 2432 2936 p.
2470 2865 2698 2919 835.-
2733 2864 2968 2921 Ιωίάω

634 2946 764 3000 Ach.
800 2946 967 3002 Meth.
1000 2965 1053 3019 p.
1093 2949 1178 3011 59,
1217 2948 1345 3003 Ach
1382 2948 1539 3003 Univ.
1575 2967 1630 3022 p.
1669 2949 1773 3003 365
1809 2949 1927 3019 (m).
1980 2947 2100 3018 Syn.
2137 2968 2191 3021 p.
2227 2952 2300 3006 45
2336 2954 2491 3023 (exol.
2530 2952 2850 3018 masa)
2896 2984 2962 2994 —-

634 3032 916 3089 Lecanora
948 3034 1081 3089 Aah.
1120 3035 1242 3090 Vet.
1277 3035 1378 3089 Ak.
1418 3036 1613 3092 Handl.
1648 3036 1787 3089 1810
1823 3052 1877 3105 p.
1918 3034 2003 3087 74.

776 3120 969 3175 Licloen
1003 3122 1295 3191 amula-m
1326 3123 1459 3178 Ach.
1496 3123 1678 3178 Prodr.
1715 3140 1764 3193 p.
1803 3123 1873 3176 54
1905 3120 1998 3191 (pl.
2036 3120 2305 3191 saxicola).

775 3207 1049 3262 Pan-melia
1081 3208 1306 3263 sordida
1339 3210 1385 3263 b.
1420 3210 1716 3264 mabcamea
1750 3207 1838 3262 Fr.
1876 3206 1938 3261 L.
1976 3207 2038 3262 E.
2082 3222 2134 3275 p.
2176 3205 2296 3261 179.
2339 3237 2402 3246 —
2439 3206 2721 3265 Lecanora
2755 3209 2850 3264 Th.
2870 3211 2964 3266 Fr.

636 3292 1055 3436 Aret-m
1087 3382 1332 3436 unicolor
1366 3380 1545 3435 Smrft.
1582 3380 1761 3452 Suppl.
1796 3399 1849 3452 p.
1889 3382 1976 3434 85.

774 3468 913 3522 Exs.
951 3472 1008 3522 et
1042 3467 1179 3538 Fig.
1251 3468 1314 3522 L.
1353 3468 1439 3523 Su.
1475 3469 1595 3524 159.
1637 3500 1700 3508 —
1735 3468 1817 3524 m.
1852 3469 1917 3522 D.
1957 3465 2202 3521 2558.1.

805 3591 1799 3678 y.b101nota(Ram.)Th.Fr.:
1846 3589 2164 3676 apothecia
2188 3588 2438 3673 glauco·
2412 3589 2754 3673 -pruinosa,
2778 3609 2948 3705 rner-

636 3695 779 3781 gine
816 3696 1080 3777 proprio
1125 3699 1265 3759 atro
1311 3697 1485 3760 intra
1529 3695 1867 3761 thallinum
1895 3694 2198 3777 praedita.

771 3812 909 3885 Syn.
981 3813 1263 3868 Lecanora
1290 3813 1574 3882 qlaucoma
1610 3831 1717 3868 var.
1756 3814 1979 3868 bic-incra
2013 3813 2212 3884 (Ram.)
2246 3811 2367 3881 Nyl.
2405 3810 2592 3866 Scand.
2631 3831 2683 3883 p.
2723 3802 2840 3867 159.

804 3938 902 4004 Ad
947 3956 1090 4002 saxa
1140 3936 1445 4019 granitica
1500 3938 1748 4023 aliaque
1817 3938 2066 4003 duriora
2129 3958 2239 4022 per
2306 3940 2508 4003 totum
2567 3937 2954 4001 territorium

632 4041 947 4126 frequenS,
995 4041 1261 4123 exceptis
1328 4040 1685 4124 regionibus
1750 4041 2146 4126 hyperboreis
2197 4041 2570 4125 alpinisque,
2626 4040 2731 4104 ubi
2777 4040 2952 4103 deest

630 4143 730 4210 vel
772 4143 1086 4208 rarissima
1129 4144 1455 4209 invenitur.
1547 4145 1622 4208 In
1667 4144 1980 4228 Lapponia
2011 4142 2260 4207 Lulensi
2291 4144 2532 4208 tantum
2563 4142 2722 4208 infra
2752 4142 2948 4207 Nam-

632 4249 794 4313 mats
838 4245 1115 4332 (Hellb.)
1154 4250 1250 4313 est
1294 4247 1449 4324 leota
1474 4297 1488 4326 ,
1553 4248 1621 4314 in
1673 4249 1945 4332 Lappon.
2006 4246 2292 4311 orientali
2348 4267 2466 4312 non
2521 4247 2672 4311 visa.
2762 4244 2951 4311 Secus

632 4368 802 4415 oram
823 4349 1505 4434 Norvegicamlongius
1548 4352 1969 4436 progreditur:
2016 4349 2324 4414 nonnullis
2368 4350 2427 4414 N
2433 4348 2767 4415 ordlandiae
2797 4347 2951 4412 locis

630 4455 725 4517 est
768 4455 1010 4536 reperta
1052 4455 1234 4537 atque
1300 4454 1489 4519 etiam
1557 4454 1636 4518 ad
1706 4453 1764 4517 N
1768 4454 1964 4536 yborg
2030 4452 2388 4536 Varangriae
2452 4452 2951 4535 septentrionalis

630 4553 845 4640 (ipse).
934 4556 1006 4620 In
1074 4556 1291 4622 insulis
1357 4556 1650 4622 calcareis
1702 4555 1897 4623 Maris
1949 4553 2164 4619 baltici
2218 4576 2339 4622 non
2393 4556 2594 4633 deest,
2653 4555 2760 4620 sed
2805 4574 2954 4621 saxa
