3177 5011
1302 304 1380 371 71

345 461 443 529 Ad
508 463 745 527 terram
804 461 1030 527 nudam
1087 462 1152 528 et
1208 481 1395 548 supra
1436 478 1648 547 rupes,
1687 461 1885 529 rarius
1930 460 2008 528 ad
2057 464 2342 543 truncoS,
2387 482 2498 549 per

156 568 369 632 totum
418 567 699 631 nostrum
743 567 1127 632 territorium
1174 566 1460 651 frequens
1494 568 1739 651 suisque
1769 566 1923 632 locis
1953 566 2297 645 abundum,
2329 585 2496 632 cam-

157 690 278 754 pos
325 669 570 755 apricos
615 669 796 734 modo
842 669 1102 753 fugiens.
1159 670 1305 736 Var.
1349 675 1408 756 β.
1442 671 1581 737 loca
1624 669 1878 736 humida
1920 670 2225 756 praecipue
2270 670 2498 755 diligit·

162 810 247 820 —
294 773 564 839 Fructus
608 774 863 840 minime
909 775 1054 840 rari.

312 944 687 1015 Magnitudine
722 943 862 999 haud
886 945 1120 1017 paullum
1154 948 1354 1016 variat,
1380 949 1547 1018 ¹l,—5
1565 961 1668 1005 cm.
1688 948 1813 1004 alta.
1849 944 2045 1017 Scyphi
2079 943 2312 1000 breviter
2346 944 2502 1016 stipi-

158 1034 296 1095 tati,
325 1049 559 1104 persaepe
595 1032 861 1103 margine,
885 1050 1002 1089 raro
1038 1036 1235 1098 centro,
1274 1036 1525 1107 proliferi.
1579 1038 1631 1092 Κ
1666 1037 1864 1093 thallus
1912 1034 2070 1103 vulgo
2112 1049 2218 1088 non
2252 1033 2497 1104 tingitur,

160 1121 348 1176 addito
394 1120 523 1175 dein
567 1105 642 1175 Ca
662 1105 726 1174 Ol
760 1119 1002 1186 lutescit3
1040 1121 1268 1178 vidimus
1302 1126 1483 1179 tamen
1509 1126 1798 1196 specimina
1831 1141 1940 1179 var.
1978 1129 2035 1195 β.
2065 1120 2116 1175 K
2158 1119 2500 1186 latescentia,

162 1196 307 1264 Cael
341 1210 512 1264 etiam
548 1207 803 1262 intensius
840 1208 1157 1262 colorata.—
1099 1210 1461 1281 —Apothecia
1495 1212 1833 1283 marginalia,
1862 1209 2130 1266 interdum
2164 1206 2341 1276 ampla
2377 1222 2499 1261 con-

163 1296 418 1364 fluentia,
472 1299 648 1350 totum
701 1294 954 1366 scyphum
1005 1295 1090 1350 vel
1134 1314 1379 1395 magnam
1418 1298 1530 1369 ejus
1566 1303 1776 1371 partem
1809 1298 2068 1370 tegentia.
2140 1293 2203 1348 In
2241 1293 2502 1349 herbariis

165 1383 372 1438 diutius
429 1383 699 1437 asservata
741 1383 964 1436 colorem
1009 1383 1307 1439 coccineum
1343 1387 1623 1453 amittunt,
1664 1387 1961 1442 obscuriora
1996 1385 2127 1455 (fere
2163 1380 2503 1450 nigricantia)

164 1470 418 1525 evadunt.
490 1467 568 1523 Ut
620 1469 851 1524 omnium
888 1469 1276 1526 cladomarum
1330 1474 1846 1545 erythrocarparum,
1902 1472 2067 1528 etiam
2117 1466 2275 1536 hujus
2328 1468 2502 1524 discus

166 1559 444 1613 coccineus
467 1542 518 1610 K'
542 1573 643 1610 non
669 1556 910 1612 violascit
934 1557 1026 1612 sed
1050 1558 1294 1628 pallescit
1317 1576 1366 1613 v.
1390 1560 1445 1614 in
1469 1560 1711 1616 frustulis
1738 1561 2067 1625 dissolvitur3
2089 1557 2164 1613 Ca
2174 1542 2236 1613 ‘cl
2294 1557 2500 1611 intense

163 1645 402 1700 latescit.
426 1675 491 1684 —-
509 1644 712 1699 Nexum
747 1645 886 1700 inter
922 1664 978 1697 α.
1017 1648 1072 1699 et
1107 1649 1162 1715 β.
1202 1644 1565 1701 demonstrant
1600 1649 1887 1720 specimina
1920 1650 2072 1718 parte
2107 1645 2353 1701 inferiore
2388 1660 2503 1699 car-

168 1733 738 1804 tilaginem-corticata,
777 1732 1039 1803 superiore
1074 1730 1461 1803 pulverulenta,
1500 1736 1678 1804 qualia
1711 1735 1853 1790 haud
1888 1752 2003 1790 raro
2039 1734 2390 1790 inveniuntur.

311 1872 511 1926 Forma
560 1871 812 1942 insignis,
876 1870 968 1925 sed
1020 1870 1189 1941 magis
1232 1870 1600 1938 accidentali8‚
1639 1875 1722 1928 est
1757 1874 2061 1928 mcv-assata
2097 1873 2389 1945 (Gladonia
2422 1872 2504 1925 in-

168 1967 417 2015 crassata
471 1959 589 2014 Flk.
627 1957 773 2013 Clad.
812 1958 997 2029 (1828)
1054 1977 1107 2030 p.
1146 1958 1238 2024 21,
1292 1957 1451 2014 Κὸιὶ).
1488 1959 1607 2014 Par.
1644 1977 1696 2031 p.
1733 1960 1839 2029 11).
1911 1959 2106 2015 Differt
2140 1956 2509 2031 phyllocladiis

172 2048 444 2103 basalibus
499 2048 702 2101 minute
756 2046 1103 2116 squamulosis
1157 2047 1576 2116 verrucosisque,
1629 2046 1858 2117 podetiis
1910 2048 2087 2119 parvis
2147 2045 2505 2102 verruculoso·

171 2135 494 2207 granantis,
534 2133 860 2204 simplicibus
914 2134 1310 2204 subcylindricis
1362 2150 1412 2186 v.
1460 2150 1614 2205 parce
1652 2133 1861 2197 divisis,
1900 2133 2136 2204 apicibus
2171 2131 2501 2195 incrassatis,

175 2224 388 2293 scyphis
436 2239 542 2276 non
579 2219 817 2276 evolutis.
890 2219 1057 2292 Supra
1090 2224 1286 2276 terram
1322 2220 1602 2284 turfosam,
1649 2222 1862 2274 truncos
1899 2221 2154 2289 cariosos,
2190 2219 2509 2291 sphagneto·

173 2328 291 2364 rum
325 2308 571 2379 caespites
594 2324 747 2377 parce
768 2324 1029 2373 crescens;
1066 2307 1268 2377 optima
1285 2308 1571 2378 specimina
1595 2307 1820 2361 vidimus
1846 2324 1908 2361 ex
1943 2305 2288 2376 ostrogothia
2321 2304 2510 2374 (Svan-

175 2395 494 2450 halsheden:
550 2394 611 2448 Ε.
650 2411 696 2448 v.
735 2395 910 2464 Goes).
982 2394 1106 2460 Quae
1159 2396 1213 2449 in
1249 2394 1329 2449 Fl.
1366 2394 1514 2450 Suec.
1562 2411 1612 2464 p.
1650 2394 1755 2447 890
1825 2393 2175 2463 Wahlenberg
2214 2392 2507 2446 nominant

176 2482 509 2552 ”Baeomyces
564 2482 882 2551 Papillaria
933 2481 987 2537 b.
1024 2481 1310 2537 tuberculis
1353 2480 1654 2538 coccineis?
1726 2481 2023 2554 Specimina
2066 2481 2295 2549 minora,
2332 2478 2506 2533 minus

174 2571 340 2639 bona,
376 2572 435 2624 in
470 2568 530 2623 L.
568 2569 655 2623 Su.
695 2586 746 2622 n.
787 2570 888 2622 231
926 2574 993 2622 B.
1035 2573 1158 2623 sunt
1194 2569 1479 2625 distributa
1514 2572 1571 2625 et
1607 2569 1703 2623 sub
1738 2571 1947 2624 nomine
1983 2569 2279 2625 ”Gladom'a
2313 2583 2506 2623 comu-

174 2658 446 2727 cophides
479 2656 923 2727 symphyoarpeoe
961 2657 1018 2710 in
1052 2656 1138 2710 Fr.
1176 2655 1307 2710 Nov.
1345 2655 1529 2712 Sched.
1567 2658 1684 2712 crit.
1722 2656 1853 2712 VIII
1888 2676 1938 2728 p.
1977 2658 2048 2710 20
2080 2656 2358 2727 descripta.

317 2796 514 2851 Forma
564 2795 900 2867 potissimum
951 2799 1246 2850 monstrosa
1280 2799 1363 2851 est
1396 2797 1672 2867 epiphyzla
1707 2796 1794 2851 Fr.
1832 2796 1963 2852 Nov.
2001 2795 2185 2851 Sched.
2223 2796 2341 2851 crit.
2377 2794 2508 2848 VIII

178 2901 230 2954 p.
268 2885 338 2937 20
374 2882 461 2953 (L.
499 2882 586 2937 Su.
626 2900 726 2937 exs.
764 2901 814 2938 n.
852 2884 953 2936 231
991 2885 1096 2955 A.)
1130 2882 1496 2954 phyllocladiis
1542 2885 1945 2954 (virescentibus
1980 2902 2026 2939 v.
2064 2884 2281 2939 virenti·
2284 2881 2499 2935 strami-

180 2973 317 3040 neis)
372 2970 532 3025 dense
593 2971 834 3042 stipatis,
869 2970 1097 3042 podetiis
1131 2971 1410 3026 admodum
1447 2973 1614 3027 curtis
1649 2972 1735 3026 vel
1769 2971 2055 3042 squamulis
2091 2970 2302 3024 omnino
2335 2969 2496 3023 tectis

178 3059 241 3113 In
273 3061 636 3112 meras-satam
670 3058 880 3112 videtur
913 3058 1076 3113 abire.
1094 3057 1285 3113 —Alia
1307 3061 1677 3114 monstrositas
1700 3075 1817 3115 raro
1852 3059 2006 3114 obvia
2041 3061 2126 3113 est
2160 3057 2508 3124 ochrocmpia

178 3145 295 3200 Fut.
309 3187 326 3214 ‚
362 3143 657 3216 apotheciis
693 3143 921 3215 pallidis.

322 3268 439 3323 obs.
475 3266 527 3320 1.
601 3265 806 3321 Nomen
840 3265 1291 3336 cornucopioides,
1317 3266 1765 3336 latino-graecum,
1793 3266 2078 3322 secundum
2112 3264 2258 3335 leges
2293 3279 2508 3318 nomen-

183 3356 398 3410 claturae
425 3354 733 3407 Linnaeanas
769 3357 851 3409 est
885 3352 1240 3422 rejiciendum.
1294 3354 1632 3408 Dissentiunt
1665 3356 1920 3423 proeterea
1953 3356 2220 3418 auctores,
2256 3349 2383 3420 quid
2416 3349 2510 3404 illo

181 3443 539 3515 significatum
598 3440 823 3494 voluerit
881 3439 1151 3505 Linnaeus3
1242 3440 1560 3494 verisimiter
1576 3441 1841 3511 &respexit
1885 3442 2127 3509 sormam
2183 3437 2511 3507 proltferam

182 3531 379 3602 speciei
433 3528 722 3599 praesentis.
765 3558 825 3567 —
864 3528 1142 3582 Lt'chenem
1192 3527 1504 3596 coectfmm
1538 3525 1600 3579 L.
1639 3543 1696 3580 re
1732 3542 1856 3581 vera
1890 3525 2024 3581 hanc
2058 3526 2288 3596 speciem
2322 3525 2509 3581 sistere

181 3635 351 3688 neque
408 3615 487 3669 01.
541 3614 876 3668 maculentam
889 3654 902 3676 ,
939 3613 1218 3683 probatum
1254 3612 1514 3667 credimus
1550 3612 1901 3682 descriptione
1938 3612 2257 3683 (”scyphifer
2290 3612 2511 3683 simplex

181 3703 581 3774 integerrimus,
620 3701 802 3772 stipite
840 3699 1150 3769 cylindrico,
1187 3699 1473 3754 tuberculis
1498 3700 1831 3769 coccineis”),
1860 3716 2144 3770 synonymo
2169 3698 2321 3769 (Dill.
2345 3716 2508 3754 muse.

181 3797 219 3847 t.
260 3792 331 3844 14
367 3789 403 3843 f.
443 3790 523 3859 7),
564 3786 888 3842 habitatione
924 3787 1135 3857 (ubique
1169 3788 1221 3841 in
1259 3788 1484 3851 nicetas,
1525 3785 1673 3841 silvis
1713 3786 2009 3851 sterilibus,
2040 3786 2280 3857 petr-W).

323 3931 439 3986 obs.
460 3930 510 3982 2.
584 3927 775 3982 Forma
809 3928 1142 3982 stemmatina
1160 3926 1463 3981 Ach.Univ.
1501 3945 1552 3997 p.
1592 3927 1694 3980 537
1714 3928 2078 3991 :normalis,
2115 3927 2346 3998 podetiis
2382 3929 2509 3984 sim-

182 4016 438 4089 plicibus,
475 4031 578 4068 non
612 4013 877 4084 proliferis
912 4014 1196 4079 instructa3
1236 4020 1452 4068 extensa
1481 4012 1647 4068 Meth.
1673 4031 1725 4083 p.
1754 4015 1881 4079 332,
1921 4014 2078 4069 Univ.
2104 4033 2155 4086 p.
2177 4017 2304 4079 537,
2331 4015 2508 4070 Smrft.

186 4104 366 4175 Suppl.
404 4121 454 4173 p.
495 4103 596 4155 127
633 4124 706 4151 -τ
740 4101 923 4155 eadem
958 4100 1188 4172 podetiis
1223 4118 1252 4156 e
1288 4100 1525 4170 margine
1559 4100 1850 4169 proliferis;
1898 4109 2080 4157 asotea
2114 4102 2278 4156 Meth.
2316 4120 2369 4172 p.
2408 4103 2509 4156 332

185 4195 261 4261 (in
299 4191 453 4246 Univ.
490 4207 540 4261 p.
579 4190 681 4241 537
717 4190 774 4242 et
807 4189 929 4258 Syn.
966 4206 1015 4258 p.
1037 4188 1141 4241 269
1190 4205 1307 4242 cum
1349 4204 1491 4257 sequ.
1529 4204 1633 4241 uno
1667 4189 1877 4244 nomine
1907 4189 2130 4258 juncta),
2169 4188 2348 4242 Smrft.
2384 4188 2423 4242 l.
2462 4204 2508 4242 c.

187 4303 258 4329 =
292 4279 464 4333 forma
499 4293 527 4330 e
564 4278 743 4330 centro
778 4276 961 4346 scyphi
997 4275 1267 4346 prolifera‚
1307 4274 1600 4345 apotheciis
1623 4275 1935 4338 minoribu83
1966 4276 2322 4347 polycephala
2344 4275 2511 4329 Meth.

189 4385 239 4437 p.
278 4367 382 4420 332
404 4349 491 4414 ’--·
525 4363 694 4417 forma
729 4361 1020 4432 apotheciis
1057 4361 1435 4416 confluentibus
1472 4361 1725 4432 scyphum
1770 4361 1881 4418 fere
1934 4364 2263 4434 tegentibus3
2317 4378 2512 4417 cornu-

188 4453 451 4524 copaebides
483 4449 653 4504 Meth.
689 4466 739 4518 p.
779 4449 912 4512 333,
951 4447 1103 4502 Univ.
1139 4467 1192 4519 p.
1232 4450 1360 4513 538,
1399 4449 1521 4519 Syn.
1557 4468 1609 4520 p.
1647 4449 1752 4502 269
1785 4472 1858 4498 ==
1891 4450 2060 4505 forma
2094 4450 2325 4521 squamis
2358 4449 2513 4503 folia-

189 4542 290 4596 ceis
326 4540 526 4596 vestita
561 4539 772 4610 (ceteroe
807 4553 987 4591 omnes
1022 4536 1629 4607 verrucoso-corticatae).

1116 4661 1143 4698 ἱ
