3177 5011
1284 380 1350 428 m

140 515 518 582 varietates.
616 511 871 583 Harum
934 515 1358 584 admiratores
1408 539 1487 584 ne
1537 519 1734 584 nimis
1792 516 2182 600 offendamus
2196 562 2212 595 ,
2278 513 2476 600 insiq-

148 621 378 684 niores
405 618 672 702 formas
701 621 937 702 paucis
980 621 1186 686 verbis
1230 621 1544 705 obiterque
1585 620 2056 703 descripsimus,

332 739 421 804 In
488 739 826 806 lichenibus
890 742 1311 807 describendis
1377 764 1569 826 quum
1621 764 1842 809 sumus
1885 741 2149 819 versati,
2198 740 2480 805 animum

146 843 493 926 diliyenter
547 844 926 909 attendimus
986 847 1055 910 in
1095 850 1281 910 notas
1323 844 1478 909 illas
1521 845 1854 922 chemicas,
1901 863 2039 928 quie
2082 863 2283 926 nuper
2327 848 2474 907 sunt

146 948 217 1011 in
266 946 779 1028 Lichenoloyiam
819 948 1018 1012 denuo
1060 948 1447 1013 introductae.
1547 947 1731 1030 Quod
1751 947 2099 1030 facientes,
2142 947 2216 1011 de
2247 964 2474 1028 mayno

143 1047 417 1114 illorum
445 1052 656 1132 pretio
708 1052 960 1117 minime
983 1051 1243 1134 fuimus
1281 1052 1542 1117 convicti
1550 1070 1571 1129 ,·
1613 1072 1692 1115 ne
1732 1051 1802 1114 in
1843 1050 2032 1114 verba
2064 1050 2297 1132 jurare
2342 1069 2475 1113 ma-

141 1154 351 1235 yistri
413 1157 574 1219 esset
641 1173 915 1229 necesse,
958 1156 1253 1237 propriis
1310 1174 1468 1237 opus
1493 1153 1637 1239 fuit
1680 1152 2214 1219 observationibus
2259 1150 2476 1218 multis

144 1258 544 1339 duratisque.
645 1253 723 1322 Ut
764 1278 796 1322 e
839 1257 1233 1341 sequentibus
1275 1257 1495 1335 elucet,
1544 1256 1633 1322 ad
1671 1278 1810 1322 eum
1824 1257 2020 1341 finem
2035 1256 2442 1338 pervenimus
2458 1303 2473 1332 ,

145 1364 218 1424 ut
264 1380 466 1442 neque
507 1361 671 1424 inter
713 1359 943 1425 harum
982 1364 1276 1425 notarum
1320 1360 1771 1440 admiratores,
1814 1359 2108 1424 laudibus
2138 1358 2225 1424 ad
2256 1358 2476 1423 coelum

147 1481 265 1527 eas
290 1463 448 1546 fere
492 1461 801 1542 tollentes,
857 1484 1052 1546 neque
1095 1465 1257 1529 inter
1301 1464 1738 1529 detrectatores
1758 1513 1773 1543 ,
1832 1462 1967 1528 illis
2012 1464 2291 1546 pretium
2318 1460 2470 1546 fere

148 1586 334 1630 omne
386 1565 781 1647 deneyantes,
838 1565 1100 1631 velimus
1150 1568 1497 1631 numerari.
1613 1563 1690 1632 Ut
1743 1587 1953 1632 omnes
2017 1571 2231 1631 ceteroe
2274 1568 2435 1630 ποίεε
2454 1613 2470 1643 ,

147 1670 248 1732 ita
293 1669 487 1733 etiam
527 1667 808 1733 chemicce
853 1673 984 1733 tum
1026 1674 1174 1734 sunt
1218 1669 1391 1733 bonoe
1437 1668 1758 1746 habendae,
1804 1690 1994 1753 quum
2039 1667 2300 1733 stabiles
2330 1690 2471 1734 con-

155 1775 522 1853 stantesque
565 1772 1001 1849 inveniuntur‚·
1031 1790 1322 1854 persaepe
1365 1777 1572 1837 autem
1599 1773 1950 1838 invenimus
1981 1768 2135 1837 illas
2165 1771 2473 1837 vacillan-

151 1877 244 1937 tes
290 1877 351 1937 et
394 1871 592 1937 oculis
634 1877 743 1939 vix
772 1874 1248 1957 percipiendas,
1304 1894 1443 1959 quoe
1502 1874 1582 1939 ab
1628 1874 1782 1940 aliis
1826 1876 2185 1943 auctoribus
2228 1877 2476 1958 optima

148 1975 773 2060 distinctissimaeque
800 1977 1262 2058 praedicantur.

324 2092 431 2160 Die
474 2096 713 2178 reyulis
727 2145 743 2175 ‚
800 2098 1137 2163 secundum
1189 2117 1350 2181 quas
1394 2096 1719 2180 afferenda
1761 2102 1908 2162 sunt
1947 2100 2208 2163 nomina
2259 2104 2471 2165 aucto-

152 2218 326 2275 rum,
385 2198 766 2264 dissentiunt
808 2201 1096 2266 botanici.
1188 2199 1344 2265 Illis
1389 2202 1804 2278 assentimur,
1857 2202 1968 2284 qui
2011 2206 2288 2280 censent,
2334 2222 2474 2267 eum

155 2322 403 2383 semper
447 2304 1045 2368 commemorandum
1089 2323 1224 2369 esse
1265 2306 1473 2369 virum
1490 2352 1505 2382 ,
1552 2304 1663 2386 qui
1690 2305 1951 2385 primus
1992 2305 2472 2389 unumquodque

152 2405 390 2469 dederit
455 2425 710 2483 nomem
773 2409 877 2470 cui
937 2409 1178 2472 nomini
1240 2408 1302 2470 si
1365 2405 1501 2470 alia
1564 2427 1731 2471 nunc
1795 2407 2095 2472 tribuitur
2151 2408 2467 2491 diynitas,

146 2510 350 2590 primi
392 2511 673 2574 auctoris
716 2531 936 2576 nomen
952 2510 1326 2593 parenthesi
1354 2509 1718 2575 includatur
1748 2509 2131 2593 alteriusque
2166 2510 2468 2592 addatur,

118 2611 331 2675 ⁸illius
385 2611 558 2690 dico,
610 2615 721 2696 qui
774 2635 899 2679 non
942 2613 1147 2679 solum
1188 2614 1446 2678 nomina
1486 2612 1666 2676 modo
1711 2633 1754 2676 a
1795 2614 1974 2678 nobis
2009 2613 2278 2695 probato
2320 2634 2464 2678 con-

154 2715 420 2792 nexerit,
483 2713 596 2779 sed
642 2718 831 2781 etiam
883 2719 1177 2782 connexis
1224 2715 1579 2780 nominibus
1623 2717 1871 2781 omnino
1914 2715 2164 2781 easdem
2201 2716 2466 2799 formas

154 2819 478 2882 notaverit.
582 2817 910 2897 Veremur,
950 2841 1026 2884 ne
1081 2818 1331 2903 quando
1387 2818 1467 2882 ab
1518 2816 1636 2882 hac
1689 2818 1912 2899 reyula
1960 2818 2468 2886 aberraverimus

154 2919 348 2983 inviti.
452 2920 655 3002 Quum
697 2925 862 2988 enim
904 2943 1106 3001 nemo,
1151 2925 1451 3005 quantum
1494 2922 1758 2998 scimus’,
1801 2920 1993 3002 hujus
2038 2925 2157 2986 aevi
2199 2922 2461 2988 le'cheno-

97 3066 115 3076 ·
159 3021 329 3103 loqus
398 3024 644 3088 ratione
708 3027 956 3090 omnino
1021 3025 1235 3089 eadem
1288 3026 1374 3087 sit
1430 3042 1590 3087 usus
1644 3026 1828 3105 atque
1880 3022 2329 3108 difficillimum
2382 3028 2468 3091 sit

158 3126 361 3190 omnia
434 3124 954 3209 lichenoloqorum
1017 3130 1258 3209 scripta
1308 3125 1706 3207 pervolvere,
1754 3125 1963 3210 facile
2014 3130 2226 3209 potuit
2276 3129 2464 3212 fieri,

155 3231 219 3289 ut
258 3232 478 3291 auctor
519 3230 777 3310 quidam
819 3232 904 3294 sit
946 3229 1219 3305 allatus,
1276 3229 1396 3292 etsi
1437 3250 1468 3292 e
1515 3227 1644 3309 leqe
1672 3230 2043 3309 prioritatis
2087 3230 2260 3295 alius
2303 3236 2466 3297 esset

156 3330 461 3393 citandus.
564 3331 798 3413 Qualia
851 3337 1096 3410 errata,
1152 3335 1335 3413 atque
1389 3333 1604 3395 omnia
1645 3331 1811 3409 alia,
1855 3333 1965 3415 qui
2007 3334 2340 3413 invenerit,
2394 3335 2469 3400 de

158 3432 285 3495 illis
327 3452 447 3498 nos
491 3436 784 3498 certiores
810 3434 1029 3517 saciat
1076 3433 1172 3497 vel
1218 3433 1349 3498 alio
1399 3433 1576 3498 modo
1622 3434 1692 3497 in
1737 3432 1930 3498 lucem
1960 3435 2258 3517 proferat
2288 3439 2470 3503 enixe

158 3556 470 3615 royamus.
580 3533 809 3600 Omnes
875 3537 1038 3600 enim
1105 3538 1170 3600 in
1236 3534 1604 3617 opusculum
1661 3541 1946 3601 nostrum
2006 3536 2467 3604 observat-iones

163 3638 291 3705 loeto
353 3644 663 3723 gyratoque
727 3641 938 3704 animo
1004 3640 1404 3720 accipiemuS,
1471 3640 1602 3704 sive
1667 3639 1973 3705 benevolis
2026 3641 2156 3705 sive
2215 3645 2465 3725 asperis

160 3743 646 3808 enuntiabuntur
690 3743 916 3807 verbis,

319 3862 551 3927 Restat
592 3863 769 3927 modo
811 3866 883 3926 ut
910 3882 1130 3943 pauca
1173 3862 1247 3926 de
1289 3861 1726 3927 distributione
1762 3863 2182 3945 yeoyrapliica
2227 3866 2460 3949 affera-

160 3986 306 4029 muS.
429 3964 702 4030 Tantam
767 3971 1039 4041 terram,
1116 3970 1356 4048 quanta
1422 3971 1514 4029 est
1586 3966 2015 4032 Scandinavia
2078 3974 2328 4046 nostra,
2395 3972 2466 4036 in

164 4067 420 4131 diversis
463 4069 826 4149 reqionibus
866 4071 1081 4133 varios
1128 4068 1392 4133 lichenes
1429 4070 1717 4150 yiynere,
1748 4092 1873 4152 por
1916 4091 1984 4134 se
2014 4076 2228 4152 patet‚·
2271 4074 2464 4138 nimis

164 4192 309 4252 vaya
364 4177 517 4234 sunt
575 4177 780 4235 tamen
812 4170 965 4253 fere
1006 4173 1245 4248 omnia,
1292 4191 1430 4255 quae
1473 4172 1547 4237 de
1590 4172 1706 4237 hac
1751 4195 1820 4238 re
1865 4172 2207 4238 attulerunt
2251 4180 2462 4240 aucto-

166 4293 272 4337 res.
362 4269 483 4338 Illi
533 4273 767 4354 reyulae
810 4273 1119 4338 voluimus
1163 4274 1444 4358 obsequi,
1490 4296 1564 4340 ea
1610 4280 1852 4338 tantum
1895 4295 2031 4339 esse
2073 4278 2457 4357 recipienda,

167 4397 288 4458 quae
350 4383 515 4442 certo
567 4376 907 4441 habea-mus
963 4382 1293 4458 comperta.
1399 4376 1558 4442 Inde
1618 4377 1865 4460 quidem
1903 4381 1987 4462 fit
2025 4381 2462 4460 perspicuum,

169 4501 337 4561 quam
377 4500 599 4561 pauca
649 4483 777 4543 sint
827 4480 1006 4544 nobis
1050 4481 1326 4559 coynita,
1370 4481 1483 4546 sed
1521 4480 1813 4544 nolumus
1856 4484 2283 4564 iynorantiam
2324 4505 2461 4550 ver-

171 4581 253 4646 bis
292 4583 463 4647 tritis
505 4582 996 4668 vulyaribusque
1037 4582 1259 4650 celare.
