3177 5011
1314 328 1410 393 85·

187 483 463 554 disparet),
501 485 558 537 et
592 482 650 553 b)
687 481 768 538 (Π.
805 482 1202 545 verticsslatam,
1243 481 1409 537 thallo
1462 465 1512 538 K
1564 497 1669 536 non
1713 482 1896 536 tinctu.
1971 481 2140 549 Quam
2174 485 2355 538 notam
2391 500 2526 554 saepe

186 588 354 640 neque
385 569 669 624 admodum
706 570 1010 625 distinctam
1047 587 1216 639 neque
1252 573 1583 626 constantem
1619 571 1929 625 invenimus.
1969 570 2164 626 Nostra
2200 588 2306 625 var.
2344 577 2399 640 β.
2444 589 2525 626 se·

191 659 420 715 cundum
457 659 595 713 hunc
632 657 988 713 characterem
1027 658 1082 712 in
1119 657 1250 712 duas
1286 662 1427 713 esset
1460 657 1784 721 divellenda,
1823 663 2076 729 plaeterea
2112 660 2322 714 omnino
2358 660 2525 714 simil-

188 746 579 811 limas310rma
615 732 664 799 K
701 761 802 799 non
840 745 1012 799 tincta
1053 762 1085 799 a
1121 742 1335 814 Leight.
1374 745 1675 799 nominatur
1711 744 1791 800 ΟΖ.
1834 746 2149 800 verticillata
2187 762 2294 801 var.
2333 746 2525 800 soboli·

181 837 314 905 sera
351 831 543 903 (Der).

328 922 392 976 In
429 921 516 976 hb.
555 921 681 976 Ach.
722 918 818 973 sub
854 918 1063 973 nomine
1101 917 1221 973 Cen.
1258 908 1570 973 cermbomisi
1614 917 1794 972 formae
1830 916 1880 971 Κ
1903 931 1945 977 ÷
1984 921 2039 972 et
2074 918 2188 974 K—
2229 919 2405 974 mixtae
2441 935 2525 972 as-

191 1015 497 1074 servantur,
555 1024 659 1062 var.
689 1007 931 1076 prodiya
987 1004 1138 1060 Univ.
1176 1022 1226 1076 p
1266 1006 1398 1069 532,
1447 1005 1617 1059 forma
1650 1005 1928 1059 varietatis
1962 1012 2018 1078 β.
2058 1022 2243 1077 parum
2278 1005 2528 1060 notabilis

188 1084 469 1167 prolisera,
525 1082 577 1150 Κ
627 1093 816 1150 leviter
870 1093 1100 1148 latescit
1144 1124 1207 1132 —
1247 1091 1330 1147 Ad
1381 1098 1438 1164 β.
1485 1095 1740 1162 preterea
1791 1093 2124 1162 potissimum
2176 1094 2410 1164 pertinet
2445 1094 2526 1149 01.

183 1182 457 1254 pyxidum
494 1181 811 1251 *epiplmlla
846 1180 1027 1235 Norm.
1069 1179 1193 1235 Loc.
1232 1195 1372 1251 spec.
1411 1197 1461 1251 p.
1500 1179 1604 1233 345
1642 1180 1819 1249 (105),
1856 1180 1913 1234 ιιι
1949 1180 2046 1234 ins.
2084 1180 2330 1237 Tromsoe
2367 1182 2521 1237 lecta.

193 1268 347 1323 Tales
383 1268 564 1322 formae
600 1267 903 1323 aberrantes
940 1267 1165 1323 reductae
1191 1283 1291 1320 non
1329 1267 1432 1321 nisi
1468 1267 1522 1320 in
1558 1266 1701 1329 loco,
1739 1283 1801 1321 ac
1835 1284 2064 1340 persoepe
2090 1271 2255 1325 etiam
2280 1273 2395 1326 tum
2419 1287 2524 1325 non

193 1355 304 1412 sine
341 1372 549 1410 summa
585 1353 928 1421 difficultate,
968 1355 1036 1411 ad
1070 1354 1273 1411 fontem
1308 1371 1458 1410 suam
1494 1353 1810 1409 referuntur.

837 1569 937 1631 14.
1029 1569 1139 1630 CL.
1188 1568 1693 1630 DEGENERANS
1742 1567 1870 1629 Flk.

367 1721 629 1788 Podetia
671 1723 993 1807 εῖοηῃαία,
1027 1723 1806 1806 cartilayineo-corticata,
1840 1740 2000 1806 saepe
2046 1723 2519 1792 subverrucoso-

195 1825 460 1911 aequalia
503 1845 561 1890 v.
608 1827 841 1911 passim
887 1826 1312 1911 squamulosa,
1349 1823 1973 1909 viridi-pallescentis
2001 1845 2057 1890 v.
2087 1827 2522 1908 fuscescentia,

196 1931 340 1996 basi
389 1934 446 1994 et
492 1935 673 1995 oetate
714 1932 1104 2013 myricantia
1145 1933 1208 1995 et
1235 1928 1839 2005 albida-*mmmmm
1870 1928 2084 2014 scyphi
2116 1929 2520 2013 irregulares,

195 2032 676 2099 cristato-laceri
719 2034 782 2098 et
825 2036 1119 2115 maryine
1152 2034 1493 2117 prolifer&
1547 2031 1962 2117 phyllocladia
2007 2033 2238 2098 basalia
2286 2035 2526 2100 minuta

194 2136 591 2222 squamulosa
634 2157 691 2201 r.
740 2135 944 2212 nulla;
998 2137 1322 2221 apothecis
1365 2136 1536 2202 fusca
1578 2154 1635 2199 v.
1682 2134 2278 2202 fusco-rufescentia.

333 2256 474 2326 Syn.
548 2256 894 2327 capitularia
946 2258 1267 2327 deqenerans
1317 2255 1434 2311 Flk.
1483 2256 1539 2309 in
1574 2253 1726 2310 Web.
1765 2257 1821 2309 et
1856 2253 2008 2308 Mohr
2041 2253 2209 2310 Beitr.
2247 2255 2302 2310 11
2339 2256 2524 2328 (1810)

196 2362 248 2415 p.
288 2345 413 2398 308.
453 2370 513 2385 ...
557 2345 855 2414 Boemaeyccs
888 2344 1080 2415 Wnbg.
1117 2344 1280 2415 Lapp.
1318 2361 1366 2414 p.
1402 2343 1534 2405 455.
1573 2341 1719 2396 Suec.
1755 2358 1804 2411 p.
1842 2341 1962 2395 884.
2003 2372 2064 2382 —
2102 2341 2371 2399 Cladom‘a
2407 2345 2523 2401 mk.

194 2430 342 2486 Clad.
400 2431 586 2501 (1828)
639 2449 688 2502 p.
728 2432 822 2494 41,
878 2431 965 2486 Fr.
1002 2432 1061 2486 L.
1099 2431 1160 2486 E.
1213 2432 1315 2486 221
1353 2431 1505 2499 (excl.
1543 2430 1644 2500 b.),
1699 2429 1861 2485 Korb.
1901 2430 2038 2500 Syst.
2076 2448 2125 2499 p.
2165 2430 2257 2493 20,
2297 2430 2392 2483 Th.
2432 2431 2521 2486 Fr.

191 2520 340 2573 Aret.
378 2537 431 2590 p.
472 2519 599 2581 149,
635 2517 758 2587 Nyl.
796 2518 980 2572 Scand.
1018 2536 1064 2589 p.
1104 2521 1187 2573 53.

335 2604 618 2675 Gmomyce
663 2619 930 2675 qoam-eya
983 2604 1111 2659 Ach.
1167 2606 1323 2661 Univ.
1369 2623 1421 2677 p.
1469 2604 1570 2659 551
1629 2603 1779 2674 (excl.
1819 2623 1873 2655 α.
1914 2607 1970 2659 et
2004 2606 2113 2675 β.),
2170 2603 2290 2675 Syn.
2327 2623 2379 2677 p.
2420 2608 2524 2661 258

192 2690 349 2758 (excl.
388 2690 449 2752 i..
487 2690 537 2745 k.
573 2695 630 2746 et
663 2692 739 2763 1.).

338 2776 474 2830 Exs.
514 2781 570 2831 et
604 2778 740 2850 Fig.
811 2779 976 2834 Ehrh.
1017 2780 1119 2834 287
1156 2779 1377 2849 (Lichen
1405 2777 2044 2849 phynophoml).-FL
2066 2779 2133 2834 D.
2154 2780 2309 2834 2638.
2333 2781 2379 2833 1.
2402 2797 2447 2844 c,
2470 2780 2522 2836 d.

193 2864 397 2932 (minus
430 2864 605 2935 bona).
648 2897 711 2908 ·-
748 2867 812 2922 L.
850 2866 937 2921 Su.
974 2868 1057 2921 54.
1095 2896 1160 2907 —
1195 2866 1375 2922 Stcnh.
1414 2866 1533 2920 192.

371 2988 466 3053 Ad
513 2991 744 3055 terram
796 2990 860 3055 in
905 2991 1129 3075 pinetis
1175 2990 1540 3073 ericetisque
1586 3010 1697 3075 per
1741 2989 2073 3057 maximam
2118 2991 2337 3056 saltem
2380 3011 2524 3076 par-

195 3093 327 3158 tem
375 3091 676 3159 territorii
723 3094 920 3160 nostri
965 3095 1078 3160 sub
1127 3094 1468 3160 numerosis
1509 3093 1724 3160 formis
1764 3095 2077 3178 frequens,
2110 3093 2348 3160 fructus
2380 3114 2522 3178 per·

193 3213 361 3277 saepe
406 3194 743 3278 proferens.
801 3197 1008 3281 Usque
1048 3198 1111 3262 in
1156 3198 1441 3280 regiones
1485 3197 1750 3261 maxime
1784 3196 2065 3261 boreales
2095 3196 2523 3280 progreditur3

196 3297 263 3363 in
310 3297 787 3363 australioribus
832 3319 977 3366 vero
1020 3318 1330 3365 rarescere
1371 3299 1470 3364 vel
1516 3300 1764 3365 omnino
1810 3299 2019 3364 deesse
2050 3300 2312 3365 videtur.
2360 3299 2527 3365 Num

193 3402 262 3465 in
306 3398 539 3465 Danda
581 3401 777 3477 adsit,
822 3403 998 3467 nobis
1043 3422 1162 3468 non
1209 3405 1304 3467 est
1339 3401 1690 3486 cognitum3
1739 3422 1771 3467 e
1808 3401 2030 3468 Scania
2069 3401 2526 3488 Gotlandiaque

191 3521 318 3568 non
362 3503 692 3568 indicatur.

339 3622 582 3679 Ludendi
617 3623 776 3693 hujus
811 3625 1002 3697 speciei
1032 3624 1258 3679 facultas
1293 3642 1321 3679 e
1357 3623 1647 3678 numerosis
1681 3625 1907 3695 propriis
1926 3623 2221 3679 nominibus
2238 3622 2531 3718 designatis

193 3711 383 3766 formis
420 3711 826 3765 demonstratur.
898 3711 961 3764 In
998 3711 1207 3783 scriptis
1242 3709 1632 3765 Scandinavicis
1667 3711 1747 3766 hae
1786 3713 2145 3767 inveniuntur·

340 3798 411 3868 A)
448 3798 514 3852 ab
553 3797 777 3852 Achario
814 3802 1056 3868 receptae:

192 3887 415 3956 aplotea
450 3885 569 3954 Syn.
607 3904 656 3956 p.
697 3885 800 3937 258
835 3908 905 3935 =
941 3885 1108 3940 forma
1143 3884 1401 3956 gracilior,
1458 3863 1848 3955 esquamulosa,
1905 3886 2116 3956 scyphis
2153 3888 2388 3958 margine
2428 3906 2523 3941 sae·

340 3973 460 4043 pius
497 3972 755 4028 cristatis.

191 4060 466 4130 euphorea
502 4058 622 4129 Syn.
658 4075 708 4129 p.
748 4062 851 4115 259
886 4082 958 4109 =
993 4059 1162 4114 forma
1197 4061 1393 4131 optime
1431 4061 1639 4132 typica,
1697 4061 2087 4130 esquamulosa,
2143 4062 2354 4133 scyphis
2389 4077 2527 4115 mar-

345 4147 469 4216 gine
507 4163 642 4217 saepe
679 4146 1241 4217 radiato-podicellatis
1279 4148 1361 4202 vel
1399 4148 1688 4218 proliferis3

190 4249 442 4287 anomaea
478 4233 630 4289 Univ.
670 4251 719 4304 p.
760 4235 887 4296 552.
927 4233 1048 4304 Syn.
1084 4253 1132 4305 p.
1157 4235 1258 4289 259
1283 4236 1608 4305 (Baeomym
1638 4249 1910 4291 anomaeus
1942 4236 2108 4292 Meth.
2144 4253 2196 4306 p.
2217 4236 2344 4304 349)
2377 4250 2527 4286 :a-

334 4320 547 4390 plotea,
587 4320 680 4375 sed
715 4320 1072 4389 squamulosa,
1111 4322 1321 4390 scyphis
1357 4322 1513 4393 vulgo
1549 4323 1990 4389 radiato-divisim

191 4408 462 4476 trachyna
496 4407 652 4463 Univ.
691 4425 737 4477 p.
779 4409 911 4475 552,
954 4407 1073 4475 Syn.
1113 4426 1160 4478 p.
1201 4409 1303 4462 259
1339 4410 1660 4480 (Baeomyces
1695 4411 1983 4480 trachynus
2019 4431 2073 4463 α.
2113 4409 2275 4463 Meth.
2315 4426 2363 4479 p.
2404 4407 2531 4475 348)

337 4494 600 4550 :forma
636 4495 713 4549 cl.
743 4495 1024 4563 surcatam
1074 4515 1127 4547 α.
1166 4499 1458 4566 crispatam
1495 4496 1683 4551 habitu
1717 4496 1827 4552 fere
1855 4497 2112 4556 referens,
2138 4494 2526 4564 esquamulosa‚

341 4583 554 4638 sordide
591 4580 848 4646 albicans,
890 4582 1099 4653 scyphis
1134 4583 1477 4639 denticulatis
1512 4584 1774 4655 proliferis
1812 4584 1894 4640 vel
1928 4583 2420 4645 radiato-cristatis3
