<?xml version="1.0" encoding="UTF-8"?>
<!DOCTYPE html PUBLIC "-//W3C//DTD XHTML 1.0 Transitional//EN"
    "http://www.w3.org/TR/xhtml1/DTD/xhtml1-transitional.dtd">
<html xmlns="http://www.w3.org/1999/xhtml" xml:lang="en" lang="en">
 <head>
  <title>
</title>
<meta http-equiv="Content-Type" content="text/html;charset=utf-8" />
  <meta name='ocr-system' content='tesseract 3.04.00' />
  <meta name='ocr-capabilities' content='ocr_page ocr_carea ocr_par ocr_line ocrx_word'/>
</head>
<body>
  <div class='ocr_page' id='page_1' title='image "./lichenographias00friegoog_0015.png"; bbox 0 0 3177 5011; ppageno 0'>
   <div class='ocr_carea' id='block_1_1' title="bbox 144 1365 2484 4658">
    <p class='ocr_par' dir='ltr' id='par_1_1' title="bbox 144 1365 2484 2503">
     <span class='ocr_line' id='line_1_1' title="bbox 155 1365 2479 1475; baseline 0 -20"><span class='ocrx_word' id='word_1_1' title='bbox 155 1365 425 1455; x_wconf 76' lang='lat' dir='ltr'><strong><em>Iudicio</em></strong></span> <span class='ocrx_word' id='word_1_2' title='bbox 470 1389 895 1455; x_wconf 83' lang='lat' dir='ltr'><strong><em>botanicorum</em></strong></span> <span class='ocrx_word' id='word_1_3' title='bbox 926 1388 1074 1472; x_wconf 83' lang='lat' dir='ltr'><strong><em>jam</em></strong></span> <span class='ocrx_word' id='word_1_4' title='bbox 1116 1387 1486 1471; x_wconf 76' lang='lat' dir='ltr'><strong><em>subjicimus</em></strong></span> <span class='ocrx_word' id='word_1_5' title='bbox 1517 1391 1804 1471; x_wconf 80' lang='lat' dir='ltr'><strong><em>primam</em></strong></span> <span class='ocrx_word' id='word_1_6' title='bbox 1850 1392 2056 1474; x_wconf 88' lang='lat' dir='ltr'><strong><em>operis</em></strong></span> <span class='ocrx_word' id='word_1_7' title='bbox 2089 1396 2341 1475; x_wconf 79' lang='lat' dir='ltr'><strong><em>partem</em></strong></span> <span class='ocrx_word' id='word_1_8' title='bbox 2361 1440 2376 1469; x_wconf 87' lang='lat'><strong><em>,</em></strong></span> <span class='ocrx_word' id='word_1_9' title='bbox 2411 1391 2479 1455; x_wconf 87' lang='lat' dir='ltr'><strong><em>in</em></strong></span> 
     </span>
     <span class='ocr_line' id='line_1_2' title="bbox 158 1491 2484 1577; baseline -0 -19"><span class='ocrx_word' id='word_1_10' title='bbox 158 1514 277 1576; x_wconf 80' lang='lat' dir='ltr'><strong><em>quo</em></strong></span> <span class='ocrx_word' id='word_1_11' title='bbox 324 1492 705 1559; x_wconf 81' lang='lat' dir='ltr'><strong><em>elaborando</em></strong></span> <span class='ocrx_word' id='word_1_12' title='bbox 737 1491 960 1574; x_wconf 87' lang='lat' dir='ltr'><strong><em>plures</em></strong></span> <span class='ocrx_word' id='word_1_13' title='bbox 990 1495 1490 1574; x_wconf 74' lang='lat' dir='ltr'><strong><em>consumpsimus</em></strong></span> <span class='ocrx_word' id='word_1_14' title='bbox 1526 1514 1748 1558; x_wconf 85' lang='lat' dir='ltr'><strong><em>annos.</em></strong></span> <span class='ocrx_word' id='word_1_15' title='bbox 1821 1494 1980 1559; x_wconf 88' lang='lat' dir='ltr'><strong><em>Plus</em></strong></span> <span class='ocrx_word' id='word_1_16' title='bbox 2012 1497 2173 1561; x_wconf 85' lang='lat' dir='ltr'><strong><em>enim</em></strong></span> <span class='ocrx_word' id='word_1_17' title='bbox 2204 1499 2484 1577; x_wconf 70' lang='lat' dir='ltr'><strong><em>quatuor</em></strong></span> 
     </span>
     <span class='ocr_line' id='line_1_3' title="bbox 163 1594 2478 1680; baseline 0.001 -22"><span class='ocrx_word' id='word_1_18' title='bbox 163 1594 403 1674; x_wconf 88' lang='lat' dir='ltr'><strong><em>lustra,</em></strong></span> <span class='ocrx_word' id='word_1_19' title='bbox 450 1618 577 1678; x_wconf 85' lang='lat' dir='ltr'><strong><em>per</em></strong></span> <span class='ocrx_word' id='word_1_20' title='bbox 630 1614 769 1678; x_wconf 80' lang='lat' dir='ltr'><strong><em>quoe</em></strong></span> <span class='ocrx_word' id='word_1_21' title='bbox 827 1594 1090 1659; x_wconf 79' lang='lat' dir='ltr'><strong><em>lichenes</em></strong></span> <span class='ocrx_word' id='word_1_22' title='bbox 1147 1595 1399 1679; x_wconf 79' lang='lat' dir='ltr'><strong><em>larqum</em></strong></span> <span class='ocrx_word' id='word_1_23' title='bbox 1441 1596 1812 1661; x_wconf 85' lang='lat' dir='ltr'><strong><em>deliciarum</em></strong></span> <span class='ocrx_word' id='word_1_24' title='bbox 1855 1599 2035 1663; x_wconf 88' lang='lat' dir='ltr'><strong><em>nobis</em></strong></span> <span class='ocrx_word' id='word_1_25' title='bbox 2062 1598 2478 1680; x_wconf 85' lang='lat' dir='ltr'><strong><em>praebuerunt</em></strong></span> 
     </span>
     <span class='ocr_line' id='line_1_4' title="bbox 144 1695 2474 1785; baseline 0.001 -23"><span class='ocrx_word' id='word_1_26' title='bbox 144 1698 420 1781; x_wconf 86' lang='lat' dir='ltr'><strong><em>sontem,</em></strong></span> <span class='ocrx_word' id='word_1_27' title='bbox 465 1695 1073 1779; x_wconf 71' lang='lat' dir='ltr'><strong><em>Lichenoyraphiam</em></strong></span> <span class='ocrx_word' id='word_1_28' title='bbox 1123 1695 1650 1764; x_wconf 81' lang='lat' dir='ltr'><strong><em>Scandinavicam</em></strong></span> <span class='ocrx_word' id='word_1_29' title='bbox 1693 1702 1985 1785; x_wconf 82' lang='lat' dir='ltr'><strong><em>conficere</em></strong></span> <span class='ocrx_word' id='word_1_30' title='bbox 2036 1721 2274 1766; x_wconf 88' lang='lat' dir='ltr'><strong><em>summe</em></strong></span> <span class='ocrx_word' id='word_1_31' title='bbox 2302 1701 2474 1782; x_wconf 84' lang='lat' dir='ltr'><strong><em>cupi-</em></strong></span> 
     </span>
     <span class='ocr_line' id='line_1_5' title="bbox 159 1799 2481 1887; baseline 0.001 -23"><span class='ocrx_word' id='word_1_32' title='bbox 159 1803 399 1880; x_wconf 85' lang='lat' dir='ltr'><strong><em>vimus;</em></strong></span> <span class='ocrx_word' id='word_1_33' title='bbox 468 1800 635 1884; x_wconf 75' lang='lat' dir='ltr'><strong><em>quod</em></strong></span> <span class='ocrx_word' id='word_1_34' title='bbox 699 1804 906 1864; x_wconf 88' lang='lat' dir='ltr'><strong><em>tamen</em></strong></span> <span class='ocrx_word' id='word_1_35' title='bbox 969 1799 1105 1864; x_wconf 85' lang='lat' dir='ltr'><strong><em>ideo</em></strong></span> <span class='ocrx_word' id='word_1_36' title='bbox 1170 1803 1400 1866; x_wconf 86' lang='lat' dir='ltr'><strong><em>iterum</em></strong></span> <span class='ocrx_word' id='word_1_37' title='bbox 1461 1804 1805 1886; x_wconf 77' lang='lat' dir='ltr'><strong><em>iterumque</em></strong></span> <span class='ocrx_word' id='word_1_38' title='bbox 1868 1803 2260 1881; x_wconf 86' lang='lat' dir='ltr'><strong><em>distulimus,</em></strong></span> <span class='ocrx_word' id='word_1_39' title='bbox 2326 1805 2481 1887; x_wconf 81' lang='lat' dir='ltr'><strong><em>quia</em></strong></span> 
     </span>
     <span class='ocr_line' id='line_1_6' title="bbox 163 1904 2479 1989; baseline 0.002 -22"><span class='ocrx_word' id='word_1_40' title='bbox 163 1906 501 1987; x_wconf 73' lang='lat' dir='ltr'><strong><em>imayinem</em></strong></span> <span class='ocrx_word' id='word_1_41' title='bbox 559 1904 960 1986; x_wconf 76' lang='lat' dir='ltr'><strong><em>veyetationis</em></strong></span> <span class='ocrx_word' id='word_1_42' title='bbox 1014 1908 1249 1969; x_wconf 84' lang='lat' dir='ltr'><strong><em>nostrae</em></strong></span> <span class='ocrx_word' id='word_1_43' title='bbox 1305 1904 1660 1984; x_wconf 81' lang='lat' dir='ltr'><strong><em>lichenosoe,</em></strong></span> <span class='ocrx_word' id='word_1_44' title='bbox 1708 1912 2012 1989; x_wconf 78' lang='lat' dir='ltr'><strong><em>quantum</em></strong></span> <span class='ocrx_word' id='word_1_45' title='bbox 2054 1928 2131 1972; x_wconf 74' lang='lat' dir='ltr'><strong><em>ex</em></strong></span> <span class='ocrx_word' id='word_1_46' title='bbox 2172 1906 2479 1972; x_wconf 78' lang='lat' dir='ltr'><strong><em>hodierna</em></strong></span> 
     </span>
     <span class='ocr_line' id='line_1_7' title="bbox 165 2006 2477 2094; baseline 0.002 -23"><span class='ocrx_word' id='word_1_47' title='bbox 165 2010 507 2089; x_wconf 72' lang='lat' dir='ltr'><strong><em>coynitione</em></strong></span> <span class='ocrx_word' id='word_1_48' title='bbox 534 2007 691 2091; x_wconf 84' lang='lat' dir='ltr'><strong><em>fieri</em></strong></span> <span class='ocrx_word' id='word_1_49' title='bbox 717 2010 965 2087; x_wconf 89' lang='lat' dir='ltr'><strong><em>posset,</em></strong></span> <span class='ocrx_word' id='word_1_50' title='bbox 1008 2008 1281 2072; x_wconf 77' lang='lat' dir='ltr'><strong><em>maxime</em></strong></span> <span class='ocrx_word' id='word_1_51' title='bbox 1308 2006 1516 2091; x_wconf 85' lang='lat' dir='ltr'><strong><em>fidam</em></strong></span> <span class='ocrx_word' id='word_1_52' title='bbox 1559 2009 1949 2090; x_wconf 67' lang='lat' dir='ltr'><strong><em>expriorimidi</em></strong></span> <span class='ocrx_word' id='word_1_53' title='bbox 1998 2010 2205 2076; x_wconf 81' lang='lat' dir='ltr'><strong><em>studio</em></strong></span> <span class='ocrx_word' id='word_1_54' title='bbox 2218 2010 2477 2094; x_wconf 83' lang='lat' dir='ltr'><strong><em>fuimus</em></strong></span> 
     </span>
     <span class='ocr_line' id='line_1_8' title="bbox 163 2109 2479 2195; baseline 0.001 -21"><span class='ocrx_word' id='word_1_55' title='bbox 163 2110 344 2174; x_wconf 81' lang='lat' dir='ltr'><strong><em>ducti.</em></strong></span> <span class='ocrx_word' id='word_1_56' title='bbox 455 2111 649 2192; x_wconf 76' lang='lat' dir='ltr'><strong><em>Quem</em></strong></span> <span class='ocrx_word' id='word_1_57' title='bbox 719 2109 958 2174; x_wconf 87' lang='lat' dir='ltr'><strong><em>laboris</em></strong></span> <span class='ocrx_word' id='word_1_58' title='bbox 1015 2110 1203 2189; x_wconf 79' lang='lat' dir='ltr'><strong><em>finem</em></strong></span> <span class='ocrx_word' id='word_1_59' title='bbox 1267 2112 1378 2193; x_wconf 81' lang='lat' dir='ltr'><strong><em>qui</em></strong></span> <span class='ocrx_word' id='word_1_60' title='bbox 1441 2110 1566 2175; x_wconf 88' lang='lat' dir='ltr'><strong><em>sibi</em></strong></span> <span class='ocrx_word' id='word_1_61' title='bbox 1621 2115 2056 2194; x_wconf 78' lang='lat' dir='ltr'><strong><em>proposuerit,</em></strong></span> <span class='ocrx_word' id='word_1_62' title='bbox 2112 2133 2269 2195; x_wconf 87' lang='lat' dir='ltr'><strong><em>opus</em></strong></span> <span class='ocrx_word' id='word_1_63' title='bbox 2322 2133 2479 2178; x_wconf 86' lang='lat' dir='ltr'><strong><em>sane</em></strong></span> 
     </span>
     <span class='ocr_line' id='line_1_9' title="bbox 166 2211 2474 2298; baseline 0.002 -22"><span class='ocrx_word' id='word_1_64' title='bbox 166 2212 549 2277; x_wconf 85' lang='lat' dir='ltr'><strong><em>laboriosum</em></strong></span> <span class='ocrx_word' id='word_1_65' title='bbox 603 2214 892 2295; x_wconf 86' lang='lat' dir='ltr'><strong><em>suscepit.</em></strong></span> <span class='ocrx_word' id='word_1_66' title='bbox 980 2211 1253 2278; x_wconf 85' lang='lat' dir='ltr'><strong><em>Minime</em></strong></span> <span class='ocrx_word' id='word_1_67' title='bbox 1308 2233 1677 2295; x_wconf 88' lang='lat' dir='ltr'><strong><em>speramus,</em></strong></span> <span class='ocrx_word' id='word_1_68' title='bbox 1721 2234 1838 2279; x_wconf 91' lang='lat' dir='ltr'><strong><em>nos</em></strong></span> <span class='ocrx_word' id='word_1_69' title='bbox 1882 2215 1971 2280; x_wconf 82' lang='lat' dir='ltr'><strong><em>ad</em></strong></span> <span class='ocrx_word' id='word_1_70' title='bbox 2010 2216 2287 2298; x_wconf 87' lang='lat' dir='ltr'><strong><em>effectum</em></strong></span> <span class='ocrx_word' id='word_1_71' title='bbox 2330 2237 2474 2280; x_wconf 87' lang='lat' dir='ltr'><strong><em>con-</em></strong></span> 
     </span>
     <span class='ocr_line' id='line_1_10' title="bbox 167 2315 2477 2402; baseline 0.003 -24"><span class='ocrx_word' id='word_1_72' title='bbox 167 2315 449 2379; x_wconf 86' lang='lat' dir='ltr'><strong><em>siliorum</em></strong></span> <span class='ocrx_word' id='word_1_73' title='bbox 477 2317 879 2397; x_wconf 84' lang='lat' dir='ltr'><strong><em>pervenissc,·</em></strong></span> <span class='ocrx_word' id='word_1_74' title='bbox 907 2336 1015 2392; x_wconf 86' lang='lat' dir='ltr'><strong><em>ne,</em></strong></span> <span class='ocrx_word' id='word_1_75' title='bbox 1048 2315 1273 2398; x_wconf 81' lang='lat' dir='ltr'><strong><em>quibus</em></strong></span> <span class='ocrx_word' id='word_1_76' title='bbox 1304 2318 1390 2380; x_wconf 93' lang='lat' dir='ltr'><strong><em>sit</em></strong></span> <span class='ocrx_word' id='word_1_77' title='bbox 1418 2317 1750 2381; x_wconf 77' lang='lat' dir='ltr'><strong><em>obnoxium</em></strong></span> <span class='ocrx_word' id='word_1_78' title='bbox 1780 2317 2290 2402; x_wconf 84' lang='lat' dir='ltr'><strong><em>difficultatibus,</em></strong></span> <span class='ocrx_word' id='word_1_79' title='bbox 2322 2319 2477 2384; x_wconf 86' lang='lat' dir='ltr'><strong><em>obli-</em></strong></span> 
     </span>
     <span class='ocr_line' id='line_1_11' title="bbox 168 2417 1590 2503; baseline -0.001 -21"><span class='ocrx_word' id='word_1_80' title='bbox 168 2419 483 2483; x_wconf 77' lang='lat' dir='ltr'><strong><em>viscantur</em></strong></span> <span class='ocrx_word' id='word_1_81' title='bbox 526 2417 809 2497; x_wconf 88' lang='lat' dir='ltr'><strong><em>lectores,</em></strong></span> <span class='ocrx_word' id='word_1_82' title='bbox 841 2420 1121 2501; x_wconf 86' lang='lat' dir='ltr'><strong><em>petimus</em></strong></span> <span class='ocrx_word' id='word_1_83' title='bbox 1152 2439 1590 2503; x_wconf 71' lang='lat' dir='ltr'><strong><em>royamusque.</em></strong></span> 
     </span>
    </p>

    <p class='ocr_par' dir='ltr' id='par_1_2' title="bbox 170 2522 2481 3535">
     <span class='ocr_line' id='line_1_12' title="bbox 357 2522 2479 2613; baseline 0.001 -25"><span class='ocrx_word' id='word_1_84' title='bbox 357 2522 558 2588; x_wconf 84' lang='lat' dir='ltr'><strong><em>Fines</em></strong></span> <span class='ocrx_word' id='word_1_85' title='bbox 623 2523 992 2599; x_wconf 71' lang='lat' dir='ltr'><strong><em>terminare,</em></strong></span> <span class='ocrx_word' id='word_1_86' title='bbox 1068 2522 1296 2605; x_wconf 78' lang='lat' dir='ltr'><strong><em>quibus</em></strong></span> <span class='ocrx_word' id='word_1_87' title='bbox 1358 2523 1893 2613; x_wconf 85' lang='lat' dir='ltr'><strong><em>circumscribitur</em></strong></span> <span class='ocrx_word' id='word_1_88' title='bbox 1960 2523 2181 2590; x_wconf 84' lang='lat' dir='ltr'><strong><em>Florae</em></strong></span> <span class='ocrx_word' id='word_1_89' title='bbox 2243 2531 2479 2591; x_wconf 83' lang='lat' dir='ltr'><strong><em>nostrae</em></strong></span> 
     </span>
     <span class='ocr_line' id='line_1_13' title="bbox 171 2624 2478 2710; baseline 0.001 -19"><span class='ocrx_word' id='word_1_90' title='bbox 171 2627 583 2703; x_wconf 72' lang='lat' dir='ltr'><strong><em>territorium,</em></strong></span> <span class='ocrx_word' id='word_1_91' title='bbox 640 2647 767 2689; x_wconf 89' lang='lat' dir='ltr'><strong><em>non</em></strong></span> <span class='ocrx_word' id='word_1_92' title='bbox 826 2625 923 2709; x_wconf 89' lang='lat' dir='ltr'><strong><em>(ut</em></strong></span> <span class='ocrx_word' id='word_1_93' title='bbox 974 2624 1287 2690; x_wconf 86' lang='lat' dir='ltr'><strong><em>interdum</em></strong></span> <span class='ocrx_word' id='word_1_94' title='bbox 1315 2626 1428 2710; x_wconf 82' lang='lat' dir='ltr'><strong><em>fit)</em></strong></span> <span class='ocrx_word' id='word_1_95' title='bbox 1471 2630 1564 2690; x_wconf 92' lang='lat' dir='ltr'><strong><em>est</em></strong></span> <span class='ocrx_word' id='word_1_96' title='bbox 1607 2627 2025 2692; x_wconf 83' lang='lat' dir='ltr'><strong><em>omittendum.</em></strong></span> <span class='ocrx_word' id='word_1_97' title='bbox 2118 2629 2338 2695; x_wconf 85' lang='lat' dir='ltr'><strong><em>Totam</em></strong></span> <span class='ocrx_word' id='word_1_98' title='bbox 2379 2631 2478 2694; x_wconf 89' lang='lat' dir='ltr'><strong><em>in-</em></strong></span> 
     </span>
     <span class='ocr_line' id='line_1_14' title="bbox 170 2726 2480 2814; baseline 0.002 -21"><span class='ocrx_word' id='word_1_99' title='bbox 170 2727 415 2793; x_wconf 73' lang='lat' dir='ltr'><strong><em>cludunt</em></strong></span> <span class='ocrx_word' id='word_1_100' title='bbox 461 2727 783 2804; x_wconf 86' lang='lat' dir='ltr'><strong><em>Daniam,</em></strong></span> <span class='ocrx_word' id='word_1_101' title='bbox 834 2726 1151 2807; x_wconf 86' lang='lat' dir='ltr'><strong><em>Sueciam,</em></strong></span> <span class='ocrx_word' id='word_1_102' title='bbox 1198 2727 1611 2810; x_wconf 75' lang='lat' dir='ltr'><strong><em>Norveyiam‚</em></strong></span> <span class='ocrx_word' id='word_1_103' title='bbox 1658 2729 1971 2794; x_wconf 84' lang='lat' dir='ltr'><strong><em>Fenniam</em></strong></span> <span class='ocrx_word' id='word_1_104' title='bbox 2002 2736 2187 2814; x_wconf 81' lang='lat' dir='ltr'><strong><em>atque</em></strong></span> <span class='ocrx_word' id='word_1_105' title='bbox 2219 2734 2480 2814; x_wconf 87' lang='lat' dir='ltr'><strong><em>insuper</em></strong></span> 
     </span>
     <span class='ocr_line' id='line_1_15' title="bbox 172 2829 2476 2918; baseline 0.002 -23"><span class='ocrx_word' id='word_1_106' title='bbox 172 2852 270 2895; x_wconf 89' lang='lat' dir='ltr'><strong><em>eas</em></strong></span> <span class='ocrx_word' id='word_1_107' title='bbox 323 2831 579 2896; x_wconf 84' lang='lat' dir='ltr'><strong><em>Rossiae</em></strong></span> <span class='ocrx_word' id='word_1_108' title='bbox 620 2835 881 2912; x_wconf 84' lang='lat' dir='ltr'><strong><em>partes,</em></strong></span> <span class='ocrx_word' id='word_1_109' title='bbox 937 2849 1076 2913; x_wconf 80' lang='lat' dir='ltr'><strong><em>quae</em></strong></span> <span class='ocrx_word' id='word_1_110' title='bbox 1135 2829 1397 2895; x_wconf 83' lang='lat' dir='ltr'><strong><em>Fenniae</em></strong></span> <span class='ocrx_word' id='word_1_111' title='bbox 1449 2830 1742 2912; x_wconf 82' lang='lat' dir='ltr'><strong><em>adjacent</em></strong></span> <span class='ocrx_word' id='word_1_112' title='bbox 1793 2853 2016 2915; x_wconf 83' lang='lat' dir='ltr'><strong><em>neque,</em></strong></span> <span class='ocrx_word' id='word_1_113' title='bbox 2062 2837 2193 2899; x_wconf 87' lang='lat' dir='ltr'><strong><em>sive</em></strong></span> <span class='ocrx_word' id='word_1_114' title='bbox 2233 2840 2476 2918; x_wconf 75' lang='lat' dir='ltr'><strong><em>veyeta-</em></strong></span> 
     </span>
     <span class='ocr_line' id='line_1_16' title="bbox 175 2931 2479 3016; baseline 0.002 -19"><span class='ocrx_word' id='word_1_115' title='bbox 175 2936 387 2999; x_wconf 85' lang='lat' dir='ltr'><strong><em>tionem</em></strong></span> <span class='ocrx_word' id='word_1_116' title='bbox 432 2934 744 3015; x_wconf 77' lang='lat' dir='ltr'><strong><em>respicias</em></strong></span> <span class='ocrx_word' id='word_1_117' title='bbox 789 2934 920 2998; x_wconf 88' lang='lat' dir='ltr'><strong><em>sive</em></strong></span> <span class='ocrx_word' id='word_1_118' title='bbox 958 2931 1310 3015; x_wconf 74' lang='lat' dir='ltr'><strong><em>yeoloqicas</em></strong></span> <span class='ocrx_word' id='word_1_119' title='bbox 1335 2932 1795 3016; x_wconf 79' lang='lat' dir='ltr'><strong><em>formationes,</em></strong></span> <span class='ocrx_word' id='word_1_120' title='bbox 1842 2937 1921 3001; x_wconf 88' lang='lat' dir='ltr'><strong><em>ab</em></strong></span> <span class='ocrx_word' id='word_1_121' title='bbox 1974 2935 2093 3000; x_wconf 86' lang='lat' dir='ltr'><strong><em>illa</em></strong></span> <span class='ocrx_word' id='word_1_122' title='bbox 2145 2937 2479 3001; x_wconf 81' lang='lat' dir='ltr'><strong><em>admodum</em></strong></span> 
     </span>
     <span class='ocr_line' id='line_1_17' title="bbox 175 3033 2482 3133; baseline 0.003 -34"><span class='ocrx_word' id='word_1_123' title='bbox 175 3036 479 3117; x_wconf 80' lang='lat' dir='ltr'><strong><em>differunt.</em></strong></span> <span class='ocrx_word' id='word_1_124' title='bbox 587 3033 904 3100; x_wconf 77' lang='lat' dir='ltr'><strong><em>Orientem</em></strong></span> <span class='ocrx_word' id='word_1_125' title='bbox 944 3053 1171 3133; x_wconf 83' lang='lat' dir='ltr'><strong><em>versus</em></strong></span> <span class='ocrx_word' id='word_1_126' title='bbox 1214 3039 1364 3098; x_wconf 88' lang='lat' dir='ltr'><strong><em>sunt</em></strong></span> <span class='ocrx_word' id='word_1_127' title='bbox 1357 3036 1600 3123; x_wconf 75' lang='lat' dir='ltr'><strong><em>iyitur</em></strong></span> <span class='ocrx_word' id='word_1_128' title='bbox 1645 3040 1898 3102; x_wconf 86' lang='lat' dir='ltr'><strong><em>termini</em></strong></span> <span class='ocrx_word' id='word_1_129' title='bbox 1937 3042 2245 3105; x_wconf 86' lang='lat' dir='ltr'><strong><em>territorii</em></strong></span> <span class='ocrx_word' id='word_1_130' title='bbox 2274 3042 2482 3105; x_wconf 83' lang='lat' dir='ltr'><strong><em>nostri</em></strong></span> 
     </span>
     <span class='ocr_line' id='line_1_18' title="bbox 176 3131 2477 3225; baseline 0.003 -22"><span class='ocrx_word' id='word_1_131' title='bbox 176 3140 348 3204; x_wconf 79' lang='lat' dir='ltr'><strong><em>iidem</em></strong></span> <span class='ocrx_word' id='word_1_132' title='bbox 403 3144 589 3222; x_wconf 77' lang='lat' dir='ltr'><strong><em>atquc</em></strong></span> <span class='ocrx_word' id='word_1_133' title='bbox 642 3137 774 3216; x_wconf 88' lang='lat' dir='ltr'><strong><em>illi,</em></strong></span> <span class='ocrx_word' id='word_1_134' title='bbox 828 3139 937 3220; x_wconf 78' lang='lat' dir='ltr'><strong><em>qui</em></strong></span> <span class='ocrx_word' id='word_1_135' title='bbox 988 3140 1060 3202; x_wconf 87' lang='lat' dir='ltr'><strong><em>in</em></strong></span> <span class='ocrx_word' id='word_1_136' title='bbox 1111 3131 1361 3218; x_wconf 81' lang='lat' dir='ltr'><strong><em>mappis</em></strong></span> <span class='ocrx_word' id='word_1_137' title='bbox 1412 3139 1905 3221; x_wconf 73' lang='lat' dir='ltr'><strong><em>qeoyraphicis,</em></strong></span> <span class='ocrx_word' id='word_1_138' title='bbox 1927 3162 1970 3205; x_wconf 87' lang='lat' dir='ltr'><strong><em>a</em></strong></span> <span class='ocrx_word' id='word_1_139' title='bbox 2018 3141 2319 3208; x_wconf 82' lang='lat' dir='ltr'><strong><em>Societate</em></strong></span> <span class='ocrx_word' id='word_1_140' title='bbox 2350 3165 2477 3225; x_wconf 86' lang='lat' dir='ltr'><strong><em>pro</em></strong></span> 
     </span>
     <span class='ocr_line' id='line_1_19' title="bbox 180 3240 2478 3326; baseline 0.002 -21"><span class='ocrx_word' id='word_1_141' title='bbox 180 3241 366 3306; x_wconf 68' lang='lat' dir='ltr'><strong><em>Flora</em></strong></span> <span class='ocrx_word' id='word_1_142' title='bbox 426 3247 483 3306; x_wconf 88' lang='lat' dir='ltr'><strong><em>et</em></strong></span> <span class='ocrx_word' id='word_1_143' title='bbox 539 3240 777 3306; x_wconf 85' lang='lat' dir='ltr'><strong><em>Fauna</em></strong></span> <span class='ocrx_word' id='word_1_144' title='bbox 831 3241 1115 3306; x_wconf 87' lang='lat' dir='ltr'><strong><em>Fennica</em></strong></span> <span class='ocrx_word' id='word_1_145' title='bbox 1165 3240 1380 3319; x_wconf 85' lang='lat' dir='ltr'><strong><em>editis,</em></strong></span> <span class='ocrx_word' id='word_1_146' title='bbox 1436 3246 1586 3306; x_wconf 83' lang='lat' dir='ltr'><strong><em>sunt</em></strong></span> <span class='ocrx_word' id='word_1_147' title='bbox 1615 3244 1836 3323; x_wconf 87' lang='lat' dir='ltr'><strong><em>positi.</em></strong></span> <span class='ocrx_word' id='word_1_148' title='bbox 1933 3242 2478 3326; x_wconf 85' lang='lat' dir='ltr'><strong><em>Supervacaneum</em></strong></span> 
     </span>
     <span class='ocr_line' id='line_1_20' title="bbox 176 3344 2467 3429; baseline 0.004 -24"><span class='ocrx_word' id='word_1_149' title='bbox 176 3345 249 3408; x_wconf 82' lang='lat' dir='ltr'><strong><em>sit</em></strong></span> <span class='ocrx_word' id='word_1_150' title='bbox 291 3364 565 3421; x_wconf 82' lang='lat' dir='ltr'><strong><em>nwnere,</em></strong></span> <span class='ocrx_word' id='word_1_151' title='bbox 597 3344 797 3427; x_wconf 85' lang='lat' dir='ltr'><strong><em>fines,</em></strong></span> <span class='ocrx_word' id='word_1_152' title='bbox 851 3364 1006 3427; x_wconf 80' lang='lat' dir='ltr'><strong><em>quos</em></strong></span> <span class='ocrx_word' id='word_1_153' title='bbox 1065 3344 1278 3409; x_wconf 84' lang='lat' dir='ltr'><strong><em>dicunt</em></strong></span> <span class='ocrx_word' id='word_1_154' title='bbox 1322 3344 1646 3426; x_wconf 83' lang='lat' dir='ltr'><strong><em>politicos,</em></strong></span> <span class='ocrx_word' id='word_1_155' title='bbox 1704 3366 1831 3411; x_wconf 90' lang='lat' dir='ltr'><strong><em>non</em></strong></span> <span class='ocrx_word' id='word_1_156' title='bbox 1885 3366 2127 3429; x_wconf 85' lang='lat' dir='ltr'><strong><em>semper</em></strong></span> <span class='ocrx_word' id='word_1_157' title='bbox 2169 3367 2306 3413; x_wconf 89' lang='lat' dir='ltr'><strong><em>esse</em></strong></span> <span class='ocrx_word' id='word_1_158' title='bbox 2347 3370 2467 3413; x_wconf 86' lang='lat' dir='ltr'><strong><em>na-</em></strong></span> 
     </span>
     <span class='ocr_line' id='line_1_21' title="bbox 182 3443 809 3535; baseline 0.002 -26"><span class='ocrx_word' id='word_1_159' title='bbox 182 3443 324 3535; x_wconf 70' lang='lat' dir='ltr'><strong><em>turcc</em></strong></span> <span class='ocrx_word' id='word_1_160' title='bbox 365 3448 809 3511; x_wconf 84' lang='lat' dir='ltr'><strong><em>convenientes.</em></strong></span> 
     </span>
    </p>

    <p class='ocr_par' dir='ltr' id='par_1_3' title="bbox 334 3549 2412 3635">
     <span class='ocr_line' id='line_1_22' title="bbox 334 3549 2412 3635; baseline 0 -22"><span class='ocrx_word' id='word_1_161' title='bbox 334 3549 468 3615; x_wconf 90' lang='lat' dir='ltr'><strong><em>Hoc</em></strong></span> <span class='ocrx_word' id='word_1_162' title='bbox 514 3549 883 3631; x_wconf 88' lang='lat' dir='ltr'><strong><em>opusculum</em></strong></span> <span class='ocrx_word' id='word_1_163' title='bbox 923 3549 1452 3614; x_wconf 62' lang='lat' dir='ltr'><strong><em>conscribentibus</em></strong></span> <span class='ocrx_word' id='word_1_164' title='bbox 1496 3549 1628 3616; x_wconf 71' lang='lat' dir='ltr'><strong><em>lucc</em></strong></span> <span class='ocrx_word' id='word_1_165' title='bbox 1671 3552 1850 3616; x_wconf 87' lang='lat' dir='ltr'><strong><em>nobis</em></strong></span> <span class='ocrx_word' id='word_1_166' title='bbox 1899 3551 2076 3617; x_wconf 81' lang='lat' dir='ltr'><strong><em>cordi</em></strong></span> <span class='ocrx_word' id='word_1_167' title='bbox 2099 3551 2377 3635; x_wconf 86' lang='lat' dir='ltr'><strong><em>fuerunt</em></strong></span> <span class='ocrx_word' id='word_1_168' title='bbox 2391 3571 2412 3614; x_wconf 92' lang='lat'><strong><em>.·</em></strong></span> 
     </span>
    </p>

    <p class='ocr_par' dir='ltr' id='par_1_4' title="bbox 193 3653 2479 3833">
     <span class='ocr_line' id='line_1_23' title="bbox 333 3653 2479 3736; baseline 0.001 -20"><span class='ocrx_word' id='word_1_169' title='bbox 333 3653 590 3736; x_wconf 79' lang='lat' dir='ltr'><strong><em>plenum</em></strong></span> <span class='ocrx_word' id='word_1_170' title='bbox 635 3657 694 3717; x_wconf 88' lang='lat' dir='ltr'><strong><em>et</em></strong></span> <span class='ocrx_word' id='word_1_171' title='bbox 735 3654 955 3717; x_wconf 84' lang='lat' dir='ltr'><strong><em>critica</em></strong></span> <span class='ocrx_word' id='word_1_172' title='bbox 997 3654 1243 3718; x_wconf 88' lang='lat' dir='ltr'><strong><em>ratione</em></strong></span> <span class='ocrx_word' id='word_1_173' title='bbox 1280 3657 1619 3718; x_wconf 71' lang='lat' dir='ltr'><strong><em>tractatum</em></strong></span> <span class='ocrx_word' id='word_1_174' title='bbox 1662 3659 2051 3735; x_wconf 89' lang='lat' dir='ltr'><strong><em>conspectum</em></strong></span> <span class='ocrx_word' id='word_1_175' title='bbox 2092 3655 2368 3718; x_wconf 87' lang='lat' dir='ltr'><strong><em>omnium</em></strong></span> <span class='ocrx_word' id='word_1_176' title='bbox 2408 3655 2479 3718; x_wconf 86' lang='lat' dir='ltr'><strong><em>in</em></strong></span> 
     </span>
     <span class='ocr_line' id='line_1_24' title="bbox 193 3755 2154 3833; baseline 0.001 -12"><span class='ocrx_word' id='word_1_177' title='bbox 193 3759 362 3821; x_wconf 84' lang='lat' dir='ltr'><strong><em>terris</em></strong></span> <span class='ocrx_word' id='word_1_178' title='bbox 410 3756 890 3821; x_wconf 80' lang='lat' dir='ltr'><strong><em>Scandinavicis</em></strong></span> <span class='ocrx_word' id='word_1_179' title='bbox 935 3756 1137 3820; x_wconf 78' lang='lat' dir='ltr'><strong><em>adhuc</em></strong></span> <span class='ocrx_word' id='word_1_180' title='bbox 1181 3755 1476 3821; x_wconf 85' lang='lat' dir='ltr'><strong><em>lectorum</em></strong></span> <span class='ocrx_word' id='word_1_181' title='bbox 1522 3756 1826 3822; x_wconf 81' lang='lat' dir='ltr'><strong><em>lichenum</em></strong></span> <span class='ocrx_word' id='word_1_182' title='bbox 1869 3756 2154 3833; x_wconf 81' lang='lat' dir='ltr'><strong><em>tradere,·</em></strong></span> 
     </span>
    </p>

    <p class='ocr_par' dir='ltr' id='par_1_5' title="bbox 192 3858 2482 4046">
     <span class='ocr_line' id='line_1_25' title="bbox 345 3858 2482 3942; baseline 0 -18"><span class='ocrx_word' id='word_1_183' title='bbox 345 3865 617 3942; x_wconf 73' lang='lat' dir='ltr'><strong><em>repertos</em></strong></span> <span class='ocrx_word' id='word_1_184' title='bbox 664 3858 929 3924; x_wconf 80' lang='lat' dir='ltr'><strong><em>lichenes</em></strong></span> <span class='ocrx_word' id='word_1_185' title='bbox 973 3879 1301 3941; x_wconf 81' lang='lat' dir='ltr'><strong><em>eorumque</em></strong></span> <span class='ocrx_word' id='word_1_186' title='bbox 1339 3861 1766 3941; x_wconf 70' lang='lat' dir='ltr'><strong><em>¹qravissimas</em></strong></span> <span class='ocrx_word' id='word_1_187' title='bbox 1791 3859 2082 3941; x_wconf 87' lang='lat' dir='ltr'><strong><em>formas,</em></strong></span> <span class='ocrx_word' id='word_1_188' title='bbox 2125 3879 2265 3942; x_wconf 79' lang='lat' dir='ltr'><strong><em>quae</em></strong></span> <span class='ocrx_word' id='word_1_189' title='bbox 2309 3859 2482 3940; x_wconf 79' lang='lat' dir='ltr'><strong><em>apud</em></strong></span> 
     </span>
     <span class='ocr_line' id='line_1_26' title="bbox 192 3962 1318 4046; baseline -0.002 -17"><span class='ocrx_word' id='word_1_190' title='bbox 192 3984 290 4029; x_wconf 86' lang='lat' dir='ltr'><strong><em>nos</em></strong></span> <span class='ocrx_word' id='word_1_191' title='bbox 329 3966 527 4046; x_wconf 68' lang='lat' dir='ltr'><strong><em>viyent</em></strong></span> <span class='ocrx_word' id='word_1_192' title='bbox 545 4013 560 4043; x_wconf 96' lang='lat'><strong><em>,</em></strong></span> <span class='ocrx_word' id='word_1_193' title='bbox 606 3967 895 4027; x_wconf 86' lang='lat' dir='ltr'><strong><em>accurate</em></strong></span> <span class='ocrx_word' id='word_1_194' title='bbox 937 3962 1318 4039; x_wconf 85' lang='lat' dir='ltr'><strong><em>describere;</em></strong></span> 
     </span>
    </p>

    <p class='ocr_par' dir='ltr' id='par_1_6' title="bbox 198 4064 2477 4251">
     <span class='ocr_line' id='line_1_27' title="bbox 339 4064 2477 4148; baseline -0.002 -16"><span class='ocrx_word' id='word_1_195' title='bbox 339 4068 589 4132; x_wconf 87' lang='lat' dir='ltr'><strong><em>illorum</em></strong></span> <span class='ocrx_word' id='word_1_196' title='bbox 630 4086 753 4147; x_wconf 89' lang='lat' dir='ltr'><strong><em>per</em></strong></span> <span class='ocrx_word' id='word_1_197' title='bbox 810 4064 1028 4130; x_wconf 84' lang='lat' dir='ltr'><strong><em>Florae</em></strong></span> <span class='ocrx_word' id='word_1_198' title='bbox 1081 4069 1317 4129; x_wconf 81' lang='lat' dir='ltr'><strong><em>nostrae</em></strong></span> <span class='ocrx_word' id='word_1_199' title='bbox 1360 4065 1644 4146; x_wconf 74' lang='lat' dir='ltr'><strong><em>reqiones</em></strong></span> <span class='ocrx_word' id='word_1_200' title='bbox 1688 4064 2215 4143; x_wconf 68' lang='lat' dir='ltr'><strong><em>distributionein,</em></strong></span> <span class='ocrx_word' id='word_1_201' title='bbox 2261 4068 2477 4148; x_wconf 80' lang='lat' dir='ltr'><strong><em>quate-</em></strong></span> 
     </span>
     <span class='ocr_line' id='line_1_28' title="bbox 198 4166 1766 4251; baseline -0.003 -15"><span class='ocrx_word' id='word_1_202' title='bbox 198 4190 300 4235; x_wconf 80' lang='lat' dir='ltr'><strong><em>nus</em></strong></span> <span class='ocrx_word' id='word_1_203' title='bbox 336 4175 492 4235; x_wconf 88' lang='lat' dir='ltr'><strong><em>certo</em></strong></span> <span class='ocrx_word' id='word_1_204' title='bbox 538 4173 630 4233; x_wconf 86' lang='lat' dir='ltr'><strong><em>est</em></strong></span> <span class='ocrx_word' id='word_1_205' title='bbox 673 4169 922 4249; x_wconf 74' lang='lat' dir='ltr'><strong><em>coynita</em></strong></span> <span class='ocrx_word' id='word_1_206' title='bbox 966 4174 1103 4251; x_wconf 88' lang='lat' dir='ltr'><strong><em>(nec</em></strong></span> <span class='ocrx_word' id='word_1_207' title='bbox 1145 4166 1381 4250; x_wconf 82' lang='lat' dir='ltr'><strong><em>ultra),</em></strong></span> <span class='ocrx_word' id='word_1_208' title='bbox 1428 4187 1766 4247; x_wconf 69' lang='lat' dir='ltr'><strong><em>etcponerc‚·</em></strong></span> 
     </span>
    </p>

    <p class='ocr_par' dir='ltr' id='par_1_7' title="bbox 200 4270 2480 4457">
     <span class='ocr_line' id='line_1_29' title="bbox 341 4270 2480 4353; baseline 0 -16"><span class='ocrx_word' id='word_1_209' title='bbox 341 4291 544 4337; x_wconf 89' lang='lat' dir='ltr'><strong><em>omnes</em></strong></span> <span class='ocrx_word' id='word_1_210' title='bbox 608 4291 651 4334; x_wconf 87' lang='lat' dir='ltr'><strong><em>a</em></strong></span> <span class='ocrx_word' id='word_1_211' title='bbox 715 4271 1127 4352; x_wconf 86' lang='lat' dir='ltr'><strong><em>scriptoribus</em></strong></span> <span class='ocrx_word' id='word_1_212' title='bbox 1190 4270 1669 4336; x_wconf 82' lang='lat' dir='ltr'><strong><em>Scandinavicis</em></strong></span> <span class='ocrx_word' id='word_1_213' title='bbox 1725 4276 2006 4352; x_wconf 77' lang='lat' dir='ltr'><strong><em>reccptas</em></strong></span> <span class='ocrx_word' id='word_1_214' title='bbox 2058 4271 2480 4353; x_wconf 82' lang='lat' dir='ltr'><strong><em>descriptasve</em></strong></span> 
     </span>
     <span class='ocr_line' id='line_1_30' title="bbox 200 4374 2210 4457; baseline -0 -18"><span class='ocrx_word' id='word_1_215' title='bbox 200 4376 426 4456; x_wconf 78' lang='lat' dir='ltr'><strong><em>species,</em></strong></span> <span class='ocrx_word' id='word_1_216' title='bbox 471 4375 841 4452; x_wconf 82' lang='lat' dir='ltr'><strong><em>varietates,</em></strong></span> <span class='ocrx_word' id='word_1_217' title='bbox 867 4374 1129 4456; x_wconf 86' lang='lat' dir='ltr'><strong><em>formas</em></strong></span> <span class='ocrx_word' id='word_1_218' title='bbox 1174 4374 1406 4457; x_wconf 85' lang='lat' dir='ltr'><strong><em>afferre</em></strong></span> <span class='ocrx_word' id='word_1_219' title='bbox 1450 4379 1506 4437; x_wconf 92' lang='lat' dir='ltr'><strong><em>et</em></strong></span> <span class='ocrx_word' id='word_1_220' title='bbox 1549 4375 1829 4437; x_wconf 75' lang='lat' dir='ltr'><strong><em>examini</em></strong></span> <span class='ocrx_word' id='word_1_221' title='bbox 1871 4374 2210 4456; x_wconf 65' lang='lat' dir='ltr'><strong><em>subjicere,-</em></strong></span> 
     </span>
    </p>

    <p class='ocr_par' dir='ltr' id='par_1_8' title="bbox 213 4475 2476 4658">
     <span class='ocr_line' id='line_1_31' title="bbox 340 4475 2476 4560; baseline 0 -18"><span class='ocrx_word' id='word_1_222' title='bbox 340 4497 545 4542; x_wconf 84' lang='lat' dir='ltr'><strong><em>omnes</em></strong></span> <span class='ocrx_word' id='word_1_223' title='bbox 592 4475 887 4554; x_wconf 78' lang='lat' dir='ltr'><strong><em>lichenes,</em></strong></span> <span class='ocrx_word' id='word_1_224' title='bbox 932 4497 1086 4559; x_wconf 80' lang='lat' dir='ltr'><strong><em>quos</em></strong></span> <span class='ocrx_word' id='word_1_225' title='bbox 1131 4497 1209 4541; x_wconf 80' lang='lat' dir='ltr'><strong><em>ex</em></strong></span> <span class='ocrx_word' id='word_1_226' title='bbox 1251 4477 1519 4559; x_wconf 88' lang='lat' dir='ltr'><strong><em>Europa</em></strong></span> <span class='ocrx_word' id='word_1_227' title='bbox 1548 4475 1760 4540; x_wconf 82' lang='lat' dir='ltr'><strong><em>attulit</em></strong></span> <span class='ocrx_word' id='word_1_228' title='bbox 1781 4481 1969 4559; x_wconf 87' lang='lat' dir='ltr'><strong><em>pater</em></strong></span> <span class='ocrx_word' id='word_1_229' title='bbox 2001 4475 2476 4560; x_wconf 75' lang='lat' dir='ltr'><strong><em>Lichenoloyioe,</em></strong></span> 
     </span>
     <span class='ocr_line' id='line_1_32' title="bbox 213 4577 1516 4658; baseline 0.002 -15"><span class='ocrx_word' id='word_1_230' title='bbox 213 4577 499 4645; x_wconf 78' lang='lat' dir='ltr'><strong><em>Acharius</em></strong></span> <span class='ocrx_word' id='word_1_231' title='bbox 543 4583 830 4658; x_wconf 87' lang='lat' dir='ltr'><strong><em>nostras,</em></strong></span> <span class='ocrx_word' id='word_1_232' title='bbox 874 4577 1087 4643; x_wconf 87' lang='lat' dir='ltr'><strong><em>sedulo</em></strong></span> <span class='ocrx_word' id='word_1_233' title='bbox 1114 4583 1516 4650; x_wconf 68' lang='lat' dir='ltr'><strong><em>examinare.</em></strong></span> 
     </span>
    </p>
   </div>
  </div>
 </body>
</html>
