3177 5011
1310 337 1433 402 427

360 483 496 555 Syn.
570 484 796 542 Lecidea
846 502 1048 556 cuprea
1100 485 1280 542 Smrft.
1333 488 1511 559 Suppl.
1568 487 1755 559 (1826)
1809 507 1857 560 p.
1914 489 2016 545 165
2071 491 2222 561 (excl.
2268 496 2432 564 syn).
2464 527 2530 539 .-

224 572 454 628 Biatora
488 572 576 627 Fr.
617 575 678 629 L.
719 573 778 627 Ε.
814 592 864 644 p.
904 575 1034 643 265,
1070 574 1169 630 Th.
1205 575 1291 630 Fr.
1332 577 1473 630 Arct.
1511 594 1558 646 p.
1603 576 1730 640 193,
1767 576 1959 648 Spitsb.
1998 597 2045 649 p.
2088 580 2171 633 36.

390 679 483 743 Ad
542 681 769 746 terram
829 680 1171 763 glareosam
1231 683 1462 766 alpium
1507 682 1739 766 passim
1788 682 2035 766 copiosa
2074 684 2138 748 in
2182 684 2527 768 Norvegia‚

223 778 437 845 Suecia
490 781 754 861 boreali,
814 784 1128 867 Lapponia
1187 785 1479 850 Kemensi
1537 788 1601 850 et
1653 785 1924 851 Rossica.
2015 787 2206 852 Extra
2249 789 2531 872 regiones

222 881 459 965 alpinas
513 884 1038 971 hyperboreasque
1084 907 1203 952 non
1249 888 1397 952 visa.
1488 888 1558 951 ln
1608 886 1825 954 Suecia
1870 889 2185 965 descendit
2226 911 2420 976 usque
2466 893 2563 968 in*

220 985 664 1070 Herjedaliam‚
709 990 773 1053 in
816 990 1094 1073 partibus
1139 1010 1305 1055 mere
1351 991 1745 1074 hyperboreis
1774 1012 1964 1076 usque
1996 994 2073 1058 ad
2104 994 2288 1061 litora
2319 995 2525 1061 maris.

355 1105 420 1159 L.
468 1107 676 1160 vernali
717 1108 938 1162 maxime
982 1109 1183 1176 affinis,
1233 1111 1514 1166 admodum
1550 1114 1821 1175 constans,
1862 1102 1969 1166 fere
2006 1113 2372 1167 tantummodo
2408 1131 2531 1185 apo-

223 1191 511 1247 theciorum
548 1193 718 1248 colore
754 1195 952 1250 laetiore
990 1213 1035 1248 v.
1075 1197 1367 1252 obscuriore
1403 1197 1625 1251 varians.
1699 1197 1950 1252 Crusta”
1953 1216 1983 1254 e
2018 1198 2254 1269 granulis
2290 1199 2530 1254 subloba·

220 1280 290 1332 tis
337 1282 599 1349 contiguis
646 1283 989 1351 coiiiposita”';
1043 1285 1325 1354 reagentiis
1370 1285 1542 1337 solitis
1590 1284 1934 1338 mutationem
1989 1285 2383 1340 describendam
2423 1304 2526 1341 non

218 1366 382 1429 subit,
439 1367 541 1420 nisi
589 1368 727 1437 quod
777 1370 827 1424 Κ
877 1371 1142 1425 interdum
1195 1371 1501 1425 indistincte
1562 1369 1869 1441 sordidoque
1926 1372 2151 1426 latescit.
2240 1374 2531 1443 Apothecia.

221 1470 381 1522 usque
419 1453 487 1508 ad
524 1454 570 1516 1,
578 1462 604 1504 5
644 1472 767 1510 mm.
807 1458 890 1511 vel
926 1458 1100 1528 paullo
1137 1458 1302 1521 ultra,
1354 1457 1493 1512 haud
1539 1473 1654 1512 raro
1690 1457 1960 1528 botryoso-
1936 1458 2375 1529 e-onglomerata,
2416 1479 2531 1516 raro

218 1541 427 1595 demum
475 1540 762 1609 (morbose)
807 1545 1138 1614 nigricantia.
1211 1544 1518 1614 Excipulum
1557 1544 1836 1614 (praecipue
1874 1546 2047 1614 extus)
2081 1546 2200 1616 plus
2239 1548 2412 1601 minus
2448 1549 2528 1603 fu-

216 1645 359 1682 scum
396 1644 441 1681 v.
480 1628 812 1684 rufofuseum.
886 1631 1268 1701 Hypothecium
1304 1631 1694 1701 apotheciorum
1727 1631 1990 1700 juniorum
2014 1631 2454 1688 subincoloratum
2481 1652 2528 1687 v.

217 1715 384 1770 dilute
431 1715 719 1770 fulvescens
766 1719 1168 1789 (paraphysibns
1214 1719 1599 1787 subconcolor)‚
1637 1718 1758 1772 dein
1796 1719 1962 1773 luteo·
1966 1717 2260 1774 fuscescens
2297 1721 2528 1777 fuscidu-

217 1802 404 1856 lumve.
476 1803 806 1874 Paraphyses
853 1809 979 1861 totae
1030 1807 1195 1861 dilute
1241 1806 1511 1861 fuscidulae
1548 1823 1594 1859 v.
1635 1804 2007 1868 fulvescentes,
2046 1805 2193 1876 apice
2231 1823 2333 1860 non
2370 1806 2406 1861 l.
2446 1809 2531 1862 vix

216 1889 371 1943 aliter
425 1890 681 1944 coloratae.
752 1893 876 1947 Asci
930 1893 1235 1948 subclavati.
1307 1892 1480 1962 Sporae
1524 1893 1770 1962 elongato
1827 1923 1884 1932 —
1934 1892 2266 1963 ellipsoideo-
2271 1893 2528 1964 oblongae,

214 1981 507 2038 omo—22
546 1994 667 2031 mm.
705 1978 873 2049 longae
909 1983 964 2034 et
999 1982 1227 2041 0,003—
1235 1988 1263 2031 6
1302 1996 1424 2032 mm.
1462 1994 1662 2032 crassae.
1734 1977 1869 2033 Jodo
1905 1980 2086 2034 vinoso
2123 1980 2301 2043 rubet,
2338 1998 2529 2051 praece-

216 2063 431 2118 cedente
466 2063 571 2118 levi
606 2063 885 2136 sagacique
921 2066 1137 2121 caeruleo
1173 2064 1359 2119 colore.
1420 2052 1470 2119 K
1520 2065 1606 2119 vel
1644 2064 1768 2136 ΝΟ,
1806 2065 2062 2120 adhibitis
2098 2066 2296 2121 colores
2332 2071 2530 2125 servat.

357 2153 468 2208 obs.
540 2151 621 2204 Ab
667 2152 796 2215 illis,
844 2153 935 2221 qui
978 2154 1111 2207 hanc
1170 2153 1411 2207 eximiam
1461 2152 1687 2222 speciem
1742 2151 1869 2206 locis
1904 2151 2172 2206 natalibus
2209 2159 2529 2210 crescentem

214 2254 317 2292 non
352 2237 605 2298 viderint.
645 2255 763 2292 cum
799 2239 918 2292 aliis
955 2238 1094 2293 haud
1130 2255 1246 2292 raro
1283 2241 1651 2293 commutatur.
1725 2237 1809 2291 Ita
1846 2238 1945 2306 ipsi
1981 2237 2035 2290 in
2082 2238 2198 2292 Vet.
2236 2238 2332 2291 Ak.
2370 2240 2528 2304 Foth.

216 2326 353 2378 1856
390 2344 441 2396 p.
480 2326 583 2377 126
620 2328 677 2379 et
711 2326 854 2378 Aret.
893 2341 944 2393 p.
985 2323 1088 2377 193
1128 2324 1195 2378 ad
1232 2324 1366 2378 hanc
1403 2323 1535 2377 falso
1574 2322 1861 2377 retulimus
1885 2323 1949 2376 L.
1988 2331 2278 2393 rupe-§trem
2328 2328 2359 2360 '¹‘
2379 2330 2528 2382 terri-

211 2413 409 2473 colam‚
454 2413 593 2481 quod
637 2415 867 2466 erratum
917 2410 970 2463 in
1023 2409 1217 2479 Spitsb.
1265 2429 1316 2481 p.
1369 2412 1437 2464 38
1484 2410 1840 2465 indicavimus
1903 2441 1960 2450 -—
2021 2409 2130 2464 Cel.
2171 2411 2437 2481 Nylander
2475 2416 2528 2468 in

215 2498 396 2554 Prodr.
454 2518 506 2569 p.
561 2501 666 2552 355
715 2499 781 2553 L.
826 2515 1079 2568 cupream
1128 2500 1185 2552 et
1228 2498 1678 2567 Berenqem'unam
1721 2498 1979 2553 identicas
2015 2496 2189 2553 habet.
2263 2500 2438 2555 Etiam
2476 2501 2529 2555 in

214 2586 400 2642 Scand.
448 2606 498 2657 p.
559 2587 662 2639 199
708 2586 803 2639 has
839 2585 1112 2640 confundit
1147 2584 1606 2653 verisimiliterque
1643 2587 1806 2640 etiam
1841 2586 2055 2640 tertiam
2096 2584 2354 2654 plantam,
2394 2588 2532 2657 quod

214 2691 244 2727 e
297 2673 410 2727 loco
457 2672 689 2727 indicato
736 2673 880 2727 ”raro
926 2673 994 2727 ad
1039 2673 1189 2727 saxa”
1233 2672 1536 2727 concludere
1583 2671 1724 2728 licet.
1799 2673 1860 2726 In
1911 2672 2072 2743 Lapp.
2121 2689 2193 2725 or.
2232 2690 2282 2742 p.
2324 2674 2429 2726 144
2464 2674 2530 2728 L.

213 2763 663 2830 Berenqmanam
700 2764 760 2815 ut
795 2762 1118 2832 subspeciem
1155 2759 1366 2831 quidem
1405 2761 1672 2828 proponit,
1710 2758 1801 2813 sed
1839 2759 1986 2813 illum
2025 2758 2196 2812 varias
2232 2759 2389 2828 hujus
2425 2760 2530 2815 for-

216 2866 332 2902 mas
377 2848 442 2902 ad
486 2849 551 2902 L.
589 2865 841 2916 cupream
877 2849 1111 2911 duxisse,
1151 2846 1372 2919 probant
1409 2851 1518 2900 tam
1556 2847 1701 2900 illius
1737 2845 1896 2899 verba
1934 2846 1990 2909 (1.
2032 2847 2129 2913 c.)‚
2168 2863 2324 2914 quam
2361 2848 2528 2917 speci-

216 2936 360 2989 mina
406 2936 636 2990 herbarii
683 2953 813 2990 mus.
853 2936 1015 2988 Fenn.
1053 2935 1119 2988 ab
1156 2935 1246 2988 illo
1284 2934 1650 2987 determinata.
1723 2932 1951 2985 Maxima
1986 2932 2127 2985 enim
2166 2931 2255 2984 ”L.
2295 2934 2529 3001 cupreae”

217 3040 336 3093 pars
387 3022 463 3076 ibi
508 3026 591 3078 est
633 3039 756 3078 vera
791 3022 856 3075 L.
897 3022 1304 3089 Berenqeriana.
1381 3022 1554 3075 Etiam
1593 3020 1655 3073 L.
1692 3019 1926 3073 vernalis
1961 3017 2247 3087 specimina
2282 3024 2332 3085 (e
2369 3018 2529 3074 Kola:

218 3107 429 3169 Fellm.)
481 3108 617 3162 idem
672 3109 943 3163 obtinuere
989 3125 1190 3163 nomen.
1229 3132 1294 3153 -ι-
1331 3109 1398 3162 L.
1436 3125 1636 3177 cuprea
1672 3108 1723 3176 f.
1776 3105 1996 3158 dilutior
2033 3103 2156 3172 Nyl.
2197 3104 2352 3158 Flora
2390 3108 2530 3160 1869

216 3213 265 3265 p.
317 3194 421 3246 298
471 3196 564 3264 (L.
610 3213 810 3265 cuprea
858 3196 1128 3250 *dilutior
1169 3196 1288 3264 Nyl.
1327 3195 1453 3248 Not.
1492 3193 1675 3248 Sullsk.
1717 3212 1762 3263 p.
1802 3192 1862 3245 F.
1899 3197 1954 3247 et
1991 3190 2070 3244 Fl.
2108 3189 2170 3244 F.
2207 3190 2363 3245 Foth.
2402 3192 2532 3246 XIII

218 3300 269 3351 p.
319 3281 447 3345 334)
501 3285 583 3336 est
636 3283 838 3353 optima
892 3283 1243 3353 normalisque
1292 3283 1357 3338 L.
1409 3299 1616 3351 cupreae
1661 3279 1842 3333 forma.
1916 3276 2213 3332 Verisimile
2259 3283 2365 3339 est,
2412 3278 2533 3348 Nyl.

214 3384 360 3421 nunc
406 3367 504 3421 hoc
551 3369 825 3423 varietatis
872 3369 1081 3424 nomine
1126 3386 1299 3424 veram
1339 3369 1401 3422 L.
1439 3384 1689 3437 cupream
1728 3367 1916 3431 (solam
1954 3382 2001 3418 v.
2040 3364 2322 3434 praecipue)
2357 3363 2533 3435 desig-

219 3472 342 3508 nare
391 3458 447 3508 et
493 3455 685 3509 formas
730 3456 793 3509 L.
848 3457 1254 3525 Berenyerianae
1297 3472 1390 3525 pro
1445 3456 1506 3509 11v
1546 3471 1745 3522 cuprea
1781 3472 1830 3506 α.
1872 3453 2079 3507 habere.
2121 3481 2182 3489 ——
2222 3450 2399 3515 Etiam
2437 3452 2531 3507 cel.

216 3542 418 3595 Korber
454 3542 568 3612 (Pg.
606 3561 658 3612 p.
699 3544 824 3611 147)
861 3543 958 3597 has
992 3544 1192 3613 species
1229 3542 1556 3596 commiscuit
1590 3557 1755 3610 neque
1793 3532 2159 3609 cl.'Leighton
2196 3537 2352 3603 (Brit.
2380 3538 2527 3596 Lich.

221 3647 272 3699 p.
312 3629 439 3695 273)
478 3647 567 3684 eas
604 3628 772 3683 valuit
809 3629 1149 3702 distinguere.

642 3806 740 3866 17.
833 3811 897 3867 L.
951 3806 1338 3879 (BIATORA)
1395 3806 1775 3865 VERNALIS
1824 3804 1953 3879 (L.)
2002 3804 2139 3863 Ach.

395 3938 616 4005 Crusta
671 3943 908 4015 tenuis,
968 3942 1189 4015 effusa,
1250 3936 1724 4020 subyranulosa
1779 3936 1875 4000 vel
1931 3936 2392 4018 arachnoidea,
2441 3941 2537 4004 al-

224 4044 374 4108 bida
427 4043 525 4107 vel
576 4045 1016 4108 cinerascenti-
1062 4066 1117 4107 v.
1166 4042 1687 4116 albo-virescens;
1734 4039 2055 4122 apothecis
2097 4041 2357 4120 adnata,
2391 4044 2538 4124 jam

217 4148 527 4228 primitus
593 4167 897 4225 convexa,
967 4147 1572 4227 suszmmaoyinata,
1642 4143 1837 4207 nitide
1902 4143 2059 4223 rufa
2116 4143 2214 4208 vel
2268 4145 2535 4209 helvolo-

205 4249 593 4333 serruyinea
612 4269 633 4327 ,·
678 4250 1109 4334 hypothecium
1131 4249 1495 4331 pallidum;
1528 4247 1895 4329 paraphyses
1928 4250 2097 4310 arete
2131 4246 2543 4326 colzoerenteffi

226 4372 423 4437 sporae
469 4352 894 4436 suboblonqae,
946 4353 1280 4417 mediocres
1326 4350 1423 4414 vel
1470 4349 1841 4432 majuscule.

368 4471 519 4540 Syn.
592 4471 790 4524 Lwhen
823 4472 1057 4526 vernalis
1095 4471 1248 4524 Linn.
1287 4470 1422 4540 Syst.
1461 4470 1582 4524 Nat.
1622 4468 1715 4522 ΙΙΙ
1755 4469 1935 4537 (1768)
1972 4486 2020 4538 p.
2048 4468 2174 4530 234,
2202 4467 2328 4522 Acb.
2357 4468 2540 4523 Prodr.

228 4576 278 4629 p
319 4559 414 4623 51,
456 4556 642 4628 Wnbg.
683 4559 827 4614 Suec.
867 4577 918 4629 p.
957 4560 1063 4613 833
1103 4564 1175 4630 (p.
1214 4561 1410 4628 p.).—
1349 4557 1673 4611 —Lecidea
1710 4556 1835 4612 Ach
1874 4557 2037 4612 Meth.
2076 4574 2126 4627 p.
2167 4556 2236 4609 68
2275 4562 2397 4623 (α.,)
2427 4556 2544 4611 Vet.
