3177 5011
1714 315 1829 378 186

610 481 791 535 margo
825 465 1053 535 gonidiis
1089 466 1298 519 omnino
1343 468 1511 526 caret,
1568 481 1681 534 quae
1717 467 1773 519 in
1808 468 2074 538 apothecii
2108 473 2258 538 parte
2293 468 2540 523 inferiore
2576 483 2804 522 crassum
2842 470 2924 519 te·

611 568 777 606 nueve
812 551 1042 606 formant
1077 554 1303 604 stratum
1340 552 1645 621 contiguum
1681 552 1765 606 vel
1800 553 2083 624 diruptum.
2112 584 2172 592 —
2200 553 2413 617 Paucis,
2450 555 2555 609 nisi
2590 553 2647 608 hi
2680 553 2928 607 adessent

609 636 850 692 distincti
884 639 1162 701 transitus,
1201 638 1402 707 species
1437 637 1630 690 saltem
1676 637 1804 692 duas
1840 639 2165 694 crederemus
2198 641 2579 710 agnoscendae,
2616 640 2685 694 ad
2719 639 2927 693 diversa

608 725 933 794 pertinentes
967 740 1158 794 genera
1194 722 1550 791 familiasque·
1571 724 1770 778 nullam
1789 742 1962 780 veram
1983 726 2123 779 inter
2146 724 2494 795 Catopzacam
2518 732 2572 782 et
2590 728 2928 781 Blae-zeniam

603 810 787 866 adesse
839 811 1233 866 distinctionem
1295 826 1430 864 nunc
1482 809 1861 864 demonstrant.
1936 809 2060 875 Quae
2102 828 2296 882 genera
2338 829 2498 883 quum
2553 813 2720 867 nihilo
2756 813 2928 867 secius

608 898 924 968 recepimus,
963 899 1205 968 analogia
1239 914 1357 952 cum
1394 897 1582 951 ceteris
1618 897 1895 966 generibus
1931 898 2296 952 tantummodo
2333 900 2585 968 cogimur.

749 1001 928 1056 0131.
1001 1001 1200 1056 Proeter
1233 1002 1429 1055 formas
1458 999 1570 1068 jam
1607 1003 2038 1054 commemoratas
2074 1002 2153 1055 1131
2187 1001 2327 1071 apud
2350 1018 2446 1055 nos
2469 1002 2612 1057 fuere
2637 1002 2925 1056 distinctae.

604 1087 935 1156 hvpnophiza
988 1088 1084 1141 Th
1122 1088 1210 1141 Fr.
1249 1087 1392 1141 Arct.
1431 1104 1479 1156 p.
1517 1086 1728 1140 123—
1656 1126 1729 1136 .-
1763 1087 1933 1141 forma
1984 1085 2175 1156 pusilla
2230 1105 2277 1140 ι.
2314 1089 2711 1156 cinnamomeoe,
2768 1105 2926 1159 supra

607 1190 835 1236 muscos,
897 1172 1124 1228 ramulos
1175 1173 1414 1244 Empetri
1449 1175 1551 1226 cet.
1588 1173 1646 1226 in
1679 1174 1874 1244 alpinis
1908 1174 2104 1243 passim
2138 1172 2439 1238 observata,
2479 1192 2613 1246 saepe
2648 1176 2789 1229 socia
2822 1175 2924 1230 13·-

603 1260 817 1316 nodinae
869 1263 1125 1330 mrsaceae
1170 1261 1225 1328 s.
1277 1260 1683 1328 depauperatae3
1741 1261 2028 1328 coeetbrusa
2064 1258 2315 1323 (Leddea
2368 1261 2706 1329 dnereorusa
2741 1260 2922 1314 Smrft.

604 1346 781 1417 Suppl.
817 1365 869 1417 Ρ.
910 1348 1037 1411 169,
1076 1348 1308 1401 Ba'atora
1341 1345 1429 1398 Fr.
1466 1344 1584 1398 Vet.
1612 1346 1707 1399 Ak.
1745 1345 1934 1399 Handl.
1971 1344 2108 1398 1822
2145 1363 2196 1415 p.
2234 1346 2354 1408 274,
2377 1344 2587 1416 Calopl.
2618 1348 2832 1415 serruy.
2873 1365 2918 1399 ε.

602 1435 891 1502 cce-subrufa
945 1433 1041 1487 Th.
1079 1434 1168 1488 Fr.
1205 1433 1240 1486 1.
1279 1451 1339 1496 c.‚
1378 1433 1659 1487 Lecanora
1696 1431 1817 1501 Nyl.
1854 1431 2018 1501 Lapp.
2054 1448 2127 1485 or.
2163 1449 2214 1502 p.
2249 1432 2402 1501 128),
2455 1433 2523 1488 ad
2548 1434 2798 1502 festivam
2831 1448 2925 1502 po-

602 1520 868 1573 tissimum
928 1519 1222 1584 referenda,
1277 1536 1310 1573 a
1350 1537 1453 1589 qua
1506 1505 1700 1573 crusta*
1736 1517 2103 1581 crassiuscula,
2160 1518 2452 1589 apotheciis
2487 1518 2696 1572 demum
2732 1517 2922 1571 livido·

602 1606 984 1676 nigricantibus
1020 1607 1222 1671 differt;
1277 1605 1346 1659 ad
1381 1622 1562 1676 rupes,
1601 1605 1856 1675 praecipue
1894 1606 2122 1659 marinas
2158 1604 2383 1674 (Dovre,
2417 1603 2743 1674 Kongsvold:
2781 1604 2920 1674 ipse;

602 1692 778 1748 Bodoe
815 1693 1170 1748 Nordlandiae:
1226 1692 1435 1757 Smrft.;
1491 1691 1656 1744 Ponoi
1693 1691 1857 1762 Lapp.
1896 1692 2072 1745 Ross.:
2111 1691 2399 1761 Fellman),
2436 1689 2603 1744 rarius
2639 1692 2721 1744 est
2755 1689 2922 1754 lecta;

601 1782 893 1835 concilians
926 1781 1046 1851 Nyl.
1085 1779 1297 1845 (Scand.
1335 1797 1384 1850 p.
1421 1778 1547 1845 143)
1582 1799 1656 1827 =
1690 1777 1857 1831 forma
1891 1779 2031 1832 inter
2055 1781 2308 1846 festivam
2333 1782 2389 1832 et
2423 1778 2701 1831 obscuram
2736 1776 2926 1830 media.

607 1898 667 1907 —-
708 1865 972 1932 Quantum
1006 1883 1033 1921 e
1069 1865 1352 1936 specimine
1404 1865 1576 1918 minus
1627 1863 1762 1918 bono
1797 1864 2101 1919 concludere
2138 1865 2321 1928 liceat,
2360 1865 2552 1919 Lecan.
2589 1866 2770 1918 cerina
2803 1880 2923 1917 var.

602 1953 920 2023 cyanopolia
971 1952 1091 2022 Nyl.
1149 1952 1313 2023 Lapp.
1352 1967 1425 2005 or.
1462 1968 1511 2020 p.
1550 1950 1655 2003 128
1709 1951 2013 2014 (Sordavala
2056 1951 2125 2005 ad
2160 1969 2308 2005 saxa:
2347 1951 2553 2022 Kullb.)
2587 1951 2924 2021 potissimum

601 2043 686 2093 est
720 2039 875 2109 hujus
909 2038 1098 2101 forma,
1137 2037 1384 2093 recedens
1420 2036 1590 2091 thallo
1627 2037 2233 2092 viridulo-cinerascente
2271 2038 2378 2093 fere
2416 2038 2686 2092 dissoluto.

743 2143 855 2197 obs.
895 2144 943 2196 2.
1013 2143 1090 2196 De
1127 2141 1427 2211 synonymis
1462 2140 1772 2195 Acharianis
1809 2142 1918 2195 haec
1954 2145 2076 2194 sunt
2111 2141 2398 2196 afferenda:
2451 2140 2650 2194 Lichen
2698 2140 2924 2193 ethereo-

592 2229 791 2297 fuscus
825 2228 1005 2283 Prodr.
1042 2246 1094 2299 p.
1133 2230 1203 2282 44
1238 2227 1490 2298 (Lccidea
1525 2227 1690 2281 Meth.
1729 2246 1778 2298 p.
1817 2227 1910 2290 68,
1949 2226 2102 2281 Univ.
2140 2244 2189 2296 p.
2228 2227 2330 2280 202
2368 2230 2423 2281 et
2458 2225 2576 2279 Vet.
2603 2225 2702 2278 Ak.
2726 2225 2920 2279 Handl.

602 2315 742 2370 1808
777 2333 826 2385 Ρ.
865 2315 967 2368 268
1002 2316 1103 2384 (α),
1141 2314 1259 2384 Syn.
1296 2332 1348 2385 p.
1375 2313 1466 2382 43)
1492 2314 1719 2383 primum
1758 2334 1813 2366 α.
1852 2313 2152 2368 corticolam
2188 2313 2352 2367 solam
2390 2312 2648 2382 respexit,
2689 2312 2774 2366 cui
2799 2310 2923 2365 dein

600 2401 850 2470 adjuncta
902 2404 1024 2454 sunt
1077 2400 1363 2472 specimina
1406 2399 1658 2469 saxicola,
1713 2400 1780 2454 ad
1807 2401 2058 2469 festivam
2095 2400 2414 2470 pertinentia
2449 2397 2671 2468 (infelici
2708 2415 2830 2452 casu
2867 2398 2925 2451 in

602 2489 746 2544 herb.
782 2488 1030 2543 admixtis
1065 2487 1436 2559 speciminibus
1469 2486 1529 2542 0.
1568 2486 1901 2541 amantiacoe
1934 2485 2226 2555 erythrelloe
2245 2488 2300 2540 et
2319 2484 2376 2539 C.
2396 2487 2600 2541 citrinos
2620 2484 2918 2554 corticolae)

599 2575 799 2630 Men
833 2576 1148 2644 caeswmsus
1198 2573 1376 2628 Prodr.
1414 2591 1466 2644 p.
1502 2574 1570 2626 45
1608 2572 1860 2641 <Ledaea
1901 2571 2066 2626 Meth.
2103 2590 2155 2642 p.
2197 2573 2287 2635 71,
2343 2571 2498 2626 Univ.
2539 2591 2590 2644 p.
2630 2575 2760 2636 203,
2798 2573 2920 2628 Vet.

600 2662 699 2716 Ak.
738 2662 932 2716 Handl.
970 2663 1108 2716 1810
1144 2679 1195 2731 Ρ.
1235 2660 1363 2724 268,
1420 2659 1540 2729 Syn.
1576 2676 1630 2728 p.
1667 2659 1737 2711 44
1790 2659 1903 2728 (01))
1956 2662 2187 2712 nostram
2233 2660 2486 2727 festivam
2538 2664 2595 2714 et
2644 2661 2924 2715 obscuram

600 2749 953 2819 amplectitur.
1023 2749 1250 2804 Lect'dea
1301 2747 1582 2802 erenuzata
1615 2744 1781 2799 Meth.
1817 2761 1866 2814 p.
1905 2744 1969 2796 71
2008 2742 2097 2813 (L.
2133 2746 2471 2799 crenulanus
2505 2745 2802 2808 With.—)
2731 2786 2802 2796 -
2830 2749 2921 2816 se-

595 2836 733 2889 stiva
767 2836 1000 2905 margine
1035 2836 1265 2890 conferte
1302 2832 1585 2888 crenulato.
1650 2831 1877 2885 Lecidea
1929 2832 2214 2899 coestbrusa
2253 2837 2310 2902 β.
2360 2832 2561 2901 festiva
2597 2832 2719 2903 Syn.
2758 2853 2809 2905 p.
2848 2835 2921 2889 44

599 2922 926 2991 (Patellaria
982 2922 1381 2992 lamproclm’lea
1434 2918 1571 2984 DC.)
1626 2933 1729 2971 non
1765 2920 1848 2971 est
1884 2918 2095 2971 omnino
2131 2917 2314 2972 eadem
2350 2936 2412 2973 ac
2448 2918 2616 2972 forma
2650 2936 2807 2990 supra
2842 2921 2919 2974 al—

601 3007 735 3073 lata;
774 3012 949 3063 crusta
983 3008 1244 3069 obsoleta,
1283 3006 1562 3077 apothecis
1598 3005 1829 3068 minuta,
1870 3003 2029 3074 plana
2063 3019 2113 3056 v.
2153 3020 2402 3068 concava,
2430 3005 2754 3075 ferruginea,
2781 3023 2918 3060 11131·-

595 3094 719 3165 gine
772 3095 1086 3164 persistente
1141 3093 1409 3148 concolore
1465 3091 1547 3146 vel
1602 3091 1779 3162 paullo
1831 3089 2103 3154 dilutiore·,
2161 3107 2324 3160 sporae
2379 3095 2629 3160 angustis.
2701 3090 2918 3147 Ceteras

598 3179 793 3234 formas
846 3183 1069 3253 propriis
1124 3179 1419 3234 nominibus
1472 3179 1528 3232 in
1583 3179 1668 3233 hb.
1706 3177 1836 3232 Ach.
1893 3177 2200 3246 designatas
2216 3217 2229 3240 ,
2274 3177 2368 3230 sed
2399 3194 2682 3247 numquam
2719 3180 2918 3249 publici

595 3265 730 3335 juris
782 3266 976 3331 factas,
1032 3268 1194 3322 tacite
1231 3266 1573 3338 praeterimus.
1616 3295 1671 3305 —
1711 3264 1940 3319 Locidea
1976 3264 2317 3317 Turne-ma
2349 3262 2504 3317 Univ.
2543 3283 2590 3335 p.
2631 3266 2756 3328 206,
2796 3266 2916 3336 Syn.

594 3369 647 3422 p.
683 3353 753 3406 49
795 3375 869 3403 =
904 3354 1070 3408 forma
1114 3355 1182 3409 ad
1226 3354 1504 3407 obscuram
1554 3350 1831 3415 accedens,
1887 3352 2063 3404 crusta
2116 3350 2413 3414 obscurata,
2474 3353 2765 3422 apotheciis
2800 3355 2915 3424 pla-

597 3439 847 3493 niusculis
900 3440 985 3494 vel
1036 3441 1225 3497 leviter
1277 3439 1517 3493 convexis
1569 3437 1907 3507 marginatis,
1954 3435 2525 3501 flavo-rufescentibus,
2563 3440 2730 3510 sporis
2765 3440 2914 3511 ellip-

596 3525 803 3580 soideis.

735 3628 849 3684 0118.
886 3631 933 3683 3.
1003 3628 1188 3685 Obiter
1223 3627 1436 3683 tandem
1470 3627 1521 3682 h.
1558 3627 1595 3680 l.
1633 3625 1873 3681 facienda
1907 3628 1990 3679 est
2026 3625 2223 3679 mentio
2258 3624 2322 3679 de
2359 3625 2567 3696 planta,
2608 3627 2757 3696 cujus
2792 3628 2909 3682 unl-

596 3730 716 3768 cum
752 3716 906 3770 modo
939 3715 1167 3787 legimus
1203 3717 1464 3786 specimen
1502 3731 1659 3785 supra
1690 3724 1896 3766 muscus
1939 3710 2008 3765 ad
2043 3711 2292 3781 Kaafiord
2328 3711 2638 3767 Finmarkiae
2674 3715 2913 3769 occiden-

594 3800 737 3855 talis.
808 3802 1065 3856 Habitum
1098 3803 1297 3874 praebet
1329 3802 1439 3857 fere
1474 3800 1761 3856 Rinodime
1796 3799 2062 3853 mniaroeoe
2096 3798 2180 3851 vel
2217 3797 2392 3852 formae
2427 3797 2737 3853 obscurioris
2771 3802 2912 3855 Bla-

590 3889 773 3942 «παύω
809 3888 1096 3957 Ιαιοονωως
1133 3889 1198 3943 ab
1236 3890 1333 3943 1130
1368 3905 1485 3943 mox
1512 3887 1701 3941 ‘differt
1724 3885 1957 3955 margine
1983 3901 2155 3938 crasso
2180 3884 2440 3948 thallode,
2469 3884 2906 3955 subpersistente‚

592 3974 825 4043 gonidiis
870 3975 1074 4031 abunde
1119 3976 1338 4047 repleto.
1410 3975 1558 4029 Inter
1593 3973 1787 4028 formas
1823 3988 1980 4041 supra
2013 3970 2202 4023 allatas
2240 3971 2570 4040 potissimum
2606 3970 2811 4026 accedit
2842 3970 2910 4025 ad

591 4063 1014 4131 ammiospilam,
1063 4080 1095 4117 a
1129 4080 1234 4134 qua
1267 4063 1446 4117 differt
1498 4062 1673 4115 crusta
1707 4056 2076 4119 crassiuscula,
2122 4057 2389 4127 insequali,
2427 4056 2911 4126 granulato-verru-

595 4163 739 4210 cosa,
777 4147 920 4202 disco
956 4149 1100 4203 fusco
1135 4149 1222 4203 vel
1256 4145 1752 4218 ferrugineo-fusco,
1792 4143 2000 4198 demum
2036 4160 2261 4199 convexo
2295 4143 2552 4213 (margine
2589 4148 2907 4215 extenuato).

593 4232 767 4303 Sporae
802 4234 1120 4305 ellipsoideae
1155 4234 1239 4288 vel
1275 4235 1383 4289 late
1419 4232 1762 4303 ellipsoideae‚
1817 4233 2116 4300 0,014—19
2153 4247 2278 4284 mm.
2316 4230 2482 4300 longoe
2519 4233 2575 4284 et
2607 4231 2898 4299 Quos-11

594 4336 717 4374 mm.
755 4337 956 4376 crassas.
1030 4322 1249 4376 Dicatur
1283 4320 1350 4374 ad
1385 4320 1597 4375 interim
1634 4320 1670 4373 f.
1707 4319 1989 4373 vacillans.

735 4443 847 4497 obs.
884 4443 935 4496 4.
1009 4443 1091 4498 Ad
1127 4444 1260 4498 hanc
1295 4443 1503 4515 generis
1539 4440 1824 4496 sectionem
1862 4442 2052 4511 proter
2087 4438 2289 4509 species
2301 4437 2413 4507 jam
2431 4438 2620 4492 allatas
2637 4438 2907 4494 referenda

594 4532 677 4582 est
696 4528 973 4584 Lecanora
1009 4529 1313 4583 romatiana
1351 4527 1477 4581 Αο11.
1514 4526 1670 4581 Univ.
1711 4545 1761 4597 p.
1799 4526 1918 4587 376,
1957 4525 2076 4595 Syn.
2115 4544 2164 4595 p.
2203 4525 2306 4579 178
2342 4524 2696 4594 (Οαῑῑοράοηια
2730 4526 2904 4587 Mass„
