3177 5011
1344 328 1425 395 53

386 481 456 548 In
503 481 750 549 erit-etis
771 531 786 561 ,
834 502 1019 569 snpra
1063 486 1292 552 terram
1340 487 1688 572 glareosam
1735 488 1962 554 nudam
2009 488 2125 555 cet.
2145 536 2160 565 ,
2194 507 2356 574 saepe
2402 507 2541 555 cum

204 585 535 652 C'ladonia
564 586 934 668 Papillaria
979 590 1259 655 mixtum.
1322 593 1394 657 In
1439 590 1668 657 Dam‘a
1713 594 1810 656 sat
1853 591 2138 676 frequens
2183 593 2247 658 in
2291 593 2538 680 Jyllan-

194 690 305 755 dia
379 691 844 775 septentrionali
914 694 976 756 et
1041 693 1155 757 ins.
1210 695 1580 769 Bornholm3
1651 697 1950 780 praeterea
1993 715 2205 761 rarum
2250 717 2305 761 v.
2354 716 2406 763 c.
2459 698 2540 764 ad

194 794 529 861 Hornbaek
598 792 965 876 Sjaellandiae
1033 801 1097 861 et
1165 798 1423 865 Slaebaek
1488 799 1738 883 Fyoniae
1805 799 1943 885 (ΒΓ.
2004 800 2069 865 et
2119 800 2380 886 Rostr.)
2466 802 2540 866 111

201 898 445 964 Sam-ia
489 897 757 981 passim,
818 918 928 983 per
984 899 1143 965 latas
1188 904 1407 989 plagas
1449 906 1658 969 tamen
1705 902 2033 980 definiens,
2079 922 2117 968 a
2164 902 2385 969 Scania
2430 924 2541 988 per

197 1002 635 1068 Smolandiam
659 1051 674 1077 ‚
721 1001 1150 1080 Ballandiam‚
1196 1004 1730 1088 Westrogothiam
1774 1005 2153 1091 (Kallungat
2200 1008 2536 1093 Hulting)‚

194 1105 704 1172 Wermlandiam
752 1105 1277 1191 (Gustafsstromt
1329 1107 1391 1173 J.
1426 1107 1500 1173 G.
1527 1109 1946 1193 Lagergren),
1991 1108 2305 1175 Nericiam
2352 1099 2538 1196 (Ore-

198 1211 347 1275 bro:
397 1209 762 1293 Hellbom),
809 1209 1233 1276 Dalekarliam
1278 1211 1630 1297 (Elfdalenz
1676 1212 1748 1275 P.
1775 1212 1846 1277 T.
1874 1211 2091 1298 Cleve)
2136 1214 2200 1279 et
2240 1214 2560 1299 Helsing-‘

197 1314 483 1379 landiam
517 1312 883 1397 (Bjurakert
910 1311 972 1377 J.
1000 1313 1072 1377 A.
1100 1313 1472 1400 Hartman),
1519 1316 1582 1379 in
1607 1313 1880 1398 Lappon.
1907 1315 2282 1383 Tomensem
2308 1318 2535 1403 (Norr-

198 1418 345 1502 lin).
440 1419 516 1482 In
566 1416 887 1497 Norveqia
930 1417 1267 1500 specimina
1319 1417 1587 1501 legimus
1633 1419 1710 1482 ad
1766 1418 2089 1484 Ulafossen
2135 1419 2535 1487 Gudbrands-

200 1521 420 1595 daliae,
485 1519 745 1584 Jerkind
817 1519 942 1602 alp.
992 1519 1402 1586 Dovrensium
1471 1522 1534 1584 et
1604 1522 1811 1587 Bodoe
1864 1522 2295 1601 Nordlandiae,
2342 1544 2535 1608 neque

204 1625 459 1690 aliunde
528 1622 813 1688 vidimus.
902 1623 975 1688 In
1050 1624 1300 1688 Fannia
1366 1623 1614 1689 demum
1682 1625 2045 1691 australiore
2111 1625 2275 1690 haud
2328 1647 2536 1692 rarum

202 1730 486 1803 videtum
560 1726 758 1791 adfuit
824 1744 896 1789 ex
962 1725 1224 1792 Alandia
1280 1727 1411 1811 (sat
1453 1727 1776 1810 frequens:
1826 1730 1897 1794 E.
1947 1728 2127 1814 Nyl.)
2152 1778 2167 1806 ,
2217 1729 2539 1796 Savolaxia

201 1833 336 1916 (sat
379 1831 569 1914 f1·eq.:
617 1828 846 1912 idem),
894 1829 1331 1896 Tavastlandia
1361 1831 1659 1916 (passimx
1693 1832 1750 1896 N
1758 1833 2020 1917 orrlin),
2067 1834 2323 1899 Karelia
2346 1833 2535 1919 (Suo-

198 1935 440 2019 lopiza:
522 1931 851 2007 Ku11hem,
916 1932 1285 1998 Wosnaiva:
1366 1934 1747 2019 Simming);
1825 1937 2132 2001 indicatur
2198 1955 2437 2020 quoque
2504 1955 2537 2001 e

206 2039 486 2122 Lappon.
578 2035 907 2112 Kemensi,
976 2035 1082 2100 sed
1146 2037 1456 2119 specimen
1499 2039 1915 2104 miserrimum
1962 2040 2103 2104 inde
2150 2042 2534 2124 reportatum

205 2142 459 2205 omnino
507 2157 626 2203 non
668 2137 767 2201 est
811 2137 1343 2205 determinandum
1389 2143 1452 2205 et
1495 2143 1596 2206 vix
1640 2140 1759 2205 huc
1804 2142 2090 2225 pertinet.

345 2258 494 2329 Saepe
549 2256 905 2329 phyllocladia
958 2258 1113 2327 hujus
1166 2257 1369 2313 basalia
1413 2259 1616 2314 sterilia
1660 2260 1797 2314 latas
1833 2264 2023 2331 tegunt
2058 2263 2266 2333 plagas,
2305 2266 2536 2317 crustam

202 2345 904 2415 granuloso-squamulosam
958 2345 1255 2399 formantia.
1300 2378 1359 2385 --
1401 2346 1625 2401 Podetia
1678 2349 1745 2403 ad
1799 2350 1830 2403 1
1887 2365 1985 2403 cm.
2045 2348 2129 2403 vel
2181 2347 2358 2418 paullo
2395 2349 2539 2402 ultra

203 2431 345 2493 alta,
388 2431 653 2501 simplicia
696 2449 744 2483 v.
784 2433 930 2502 apice
965 2432 1269 2502 parcissime
1315 2436 1370 2486 et
1405 2433 1637 2488 breviter
1690 2452 1906 2489 ramosa.
1981 2435 2274 2508 Apothecia
2325 2436 2534 2490 demum

205 2537 343 2589 saepe
383 2519 612 2573 dilatata
656 2524 711 2573 et
745 2520 898 2590 plura
933 2524 1180 2583 connata,
1226 2521 1461 2591 margine
1498 2521 1774 2592 pallidiore
1809 2524 1979 2593 primo
2017 2526 2214 2586 cincta,
2255 2523 2373 2579 dein
2413 2540 2534 2577 con-

204 2623 334 2660 vexa
373 2606 867 2676 immarginataque.
909 2607 1079 2679 Sporae
1107 2609 1565 2679 3(—-7-)septatae‚
1604 2611 1850 2678 utrinque
1888 2614 2199 2675 attenuatae,
2237 2613 2532 2675 0,020—36

204 2709 334 2746 mm.
373 2693 544 2762 longae
582 2696 637 2747 et
670 2695 1001 2756 0,0015-—25
1050 2712 1174 2749 mm.
1215 2713 1413 2749 crassae.
1467 2726 1525 2735 —
1568 2696 1836 2750 Pulvinuli
1891 2697 2252 2768 Siroszplumis
2285 2699 2537 2752 saxa-elce

210 2781 362 2851 Naeg.
405 2780 565 2850 vulgo
603 2780 969 2851 phyllocladiis
1004 2782 1272 2836 basalibus
1306 2783 1534 2836 immixti
1572 2783 1655 2837 vel
1693 2784 1919 2855 podetiis
1955 2785 2135 2839 adnati
2171 2784 2376 2839 adsunt.

344 2885 460 2940 obs.
535 2885 642 2939 CeL
681 2886 947 2955 Nylander
983 2886 1111 2940 duas
1148 2886 1249 2940 huc
1287 2887 1479 2940 relatas
1514 2887 1709 2941 formas
1744 2888 2045 2960 distinguit.
2120 2888 2164 2942 E
2200 2889 2388 2958 quibus
2426 2904 2532 2942 var.

204 2974 608 3044 condyloaklmm
646 2977 728 3028 est
764 2973 932 3027 forma
967 2974 1164 3044 optime
1201 2974 1436 3037 evoluta,
1485 2994 1539 3027 α.
1582 2993 1705 3030 vero
1741 2993 1845 3029 non
1880 2977 1982 3031 nisi
2015 2975 2246 3047 podetiis
2280 2976 2533 3031 breviori-

202 3058 301 3114 bus
334 3065 439 3116 cet.
480 3061 742 3115 levissime
778 3060 1037 3114 differens.

980 3222 1041 3284 8.
1133 3226 1240 3284 S'r.
1287 3224 1566 3285 NANUM
1610 3222 1754 3284 Ach.

379 3359 642 3425 Podetia
689 3357 1080 3441 macilenta,
1139 3357 1449 3442 simplicia
1502 3357 1600 3423 vel
1662 3358 1901 3441 apicem
1957 3376 2169 3423 versus
2215 3377 2394 3442 parce
2439 3359 2532 3424 fa-

209 3463 782 3547 stigiato-ramosa;
830 3460 1247 3545 phyllocladia
1292 3461 1597 3545 (minuta,
1644 3460 1945 3526 nodulosa
1988 3461 2084 3546 v.)
2107 3463 2176 3525 in
2205 3464 2534 3545 pulverem

209 3569 642 3649 ceruqinosum
685 3565 783 3630 vel
812 3565 1063 3646 pallide
1107 3567 1588 3630 cinerascentem
1633 3565 1876 3643 soluta,·
1951 3565 2273 3648 apothecis.
2319 3616 2333 3631 .
2384 3617 2398 3632 .
2448 3618 2461 3633 .
2513 3619 2528 3634 .

344 3685 486 3756 Syn.
561 3684 936 3740 Steroocaalon
987 3701 1192 3739 nanum
1244 3685 1376 3740 Ach.
1422 3684 1592 3738 Meth.
1630 3683 1816 3754 (1803)
1851 3702 1904 3754 p.
1950 3685 2078 3749 315,
2119 3685 2273 3741 Univ.
2312 3704 2361 3757 p.
2400 3689 2531 3754 582,

210 3773 334 3827 vet.
359 3773 677 3827 Aknandl.
717 3772 852 3824 1811
891 3789 943 3842 p.
985 3772 1107 3833 102,
1163 3771 1286 3840 Syn.
1321 3790 1373 3841 p.
1414 3772 1541 3834 285,
1597 3771 1685 3825 Fr.
1724 3771 1786 3824 L.
1824 3771 1884 3825 Ε.
1922 3789 1972 3842 p.
2011 3773 2140 3836 205,
2194 3774 2355 3829 Korb.
2394 3774 2534 3845 Syst.

205 3878 254 3930 p.
293 3861 390 3922 14,
430 3860 529 3914 Th.
568 3861 657 3914 Fr.
696 3859 838 3913 Mon.
877 3857 1013 3912 Ster-
1053 3874 1103 3928 p.
1142 3858 1240 3927 64,
1276 3857 1399 3928 Nyl.
1422 3858 1608 3914 Scand.
1647 3877 1698 3929 p.
1737 3860 1824 3912 66.
1855 3889 1914 3899 -·
1938 3857 2138 3915 Lichen
2172 3861 2303 3917 Aah.
2342 3863 2526 3919 Prodr.

243 3989 256 4001 .
295 3950 385 4002 64.

206 3966 239 4018 p
348 4035 485 4088 Exs.
563 4033 625 4087 13.
665 4034 749 4088 Su.
792 4035 877 4089 59.
917 4064 977 4073 —
1018 4033 1116 4086 Th.
1157 4034 1244 4088 Fr.
1284 4037 1370 4088 37.
1412 4065 1473 4074 —-
1513 4035 1696 4089 Stenh.
1736 4035 1822 4088 86.

382 4143 453 4206 In
521 4141 767 4224 rupium
829 4141 1105 4205 cavernis
1162 4140 1519 4224 fissurisque
1576 4141 1738 4205 inter
1781 4158 2026 4204 muscos
2070 4142 2135 4205 et
2176 4140 2255 4205 ad
2301 4140 2532 4203 terram

207 4246 457 4311 nudam.
547 4246 618 4309 In
672 4247 897 4309 Suecia
942 4244 1142 4307 visum
1186 4243 1260 4306 ad
1307 4242 1688 4326 Kullaberg,
1734 4243 2107 4308 Ballandsas
2151 4244 2266 4307 cet.
2296 4241 2532 4306 Scaniae

210 4349 412 4434 (Fr.),
462 4349 527 4412 in
572 4348 903 4431 Blekingia
970 4346 1391 4431 (Aspegren)‚
1454 4344 1791 4411 Hallandia
1857 4346 2277 4431 copiosissime
2324 4346 2530 4430 (En),

210 4452 571 4519 Smolandia
622 4453 713 4537 (v.
761 4468 814 4514 c.
862 4450 1146 4533 Femsjo,
1193 4437 1368 4515 Okna
1411 4449 1598 4533 cet.),
1648 4448 2048 4534 ostrogothia
2116 4449 2342 4534 (Ydre,
2391 4450 2527 4513 Ma-

207 4556 528 4623 lexander:
614 4553 1111 4638 Stenhammar),
1179 4554 1650 4637 Westrogothia
1693 4553 2074 4640 (Billingen,
2138 4552 2530 4636 Mosseberg,
