3177 5011
1310 328 1431 394 611

344 474 555 536 Crusta
589 466 639 536 K
672 481 887 538 latescit
901 522 914 546 .
952 467 1029 538 Ca
1046 465 1110 537 (⁶31
1153 484 1210 537 et
1246 481 1371 552 jodo
1416 482 1703 553 insigniore
1737 479 1893 537 modo
1926 495 2031 535 non
2067 478 2313 535 afficitur.
2387 477 2526 549 Apo·

191 558 395 620 thecia
434 570 686 635 0‚5—1,5
732 586 857 623 mm.
904 570 1032 624 lata.
1105 569 1409 640 Excipulum
1447 570 1664 640 (fusco·)
1700 570 1931 640 nigrum,
1969 584 2223 632 erassum3
2269 566 2529 638 hypothe-

191 646 349 705 eium
377 652 837 728 fusco-nigricans,
889 656 1215 728 Paraphyses
1251 657 1592 721 cohaerentes,
1628 657 1874 728 graciles,
1913 656 2061 726 apice
2090 655 2199 710 fere
2223 654 2529 708 indistincte

193 738 527 807 capitulatae
580 750 636 799 et
689 744 903 799 obscure
957 744 1132 798 fuscae.
1215 744 1338 798 Asci
1392 743 1602 799 inflato-
1653 762 1700 798 v.
1756 740 2287 799 ventricoso-clavati.
2355 738 2528 809 Sporae

190 819 382 881 forma
422 835 482 885 et
514 832 875 901 magnitudine
911 831 1093 900 variae,
1144 830 1302 900 vulgo
1356 831 1473 900 plus
1518 833 1687 887 minus
1723 830 2064 902 ellipsoideae.
2110 828 2254 883 varie
2288 824 2523 897 polybla-

190 912 326 974 stae,
368 918 675 980 0,022—28
713 933 834 971 mm.
870 917 1038 989 longae
1072 922 1129 973 et
1162 921 1453 979 omo—12
1492 935 1614 974 mm.
1656 935 1851 973 crassae.
1904 917 2040 972 Jodo
2074 917 2278 971 intense
2314 912 2524 968 caerule-

192 998 334 1064 scit,
386 992 442 1057 Κ
477 1008 535 1059 et
570 1003 688 1075 No,
726 1004 811 1058 vix
847 1009 1093 1059 mutatur.

353 1124 475 1181 obs.
545 1125 664 1180 Jam
719 1126 772 1179 in
827 1126 971 1181 Aret.
1020 1144 1069 1197 p.
1121 1128 1222 1181 237
1271 1127 1405 1182 hanc
1441 1126 1833 1199 descripsimuS.
1877 1128 1978 1182 etsi
2013 1142 2201 1181 nomen
2237 1141 2339 1178 non
2375 1120 2522 1176 dedi·

196 1219 346 1262 mue.
390 1243 459 1251 —
493 1212 554 1266 In
600 1212 743 1267 herb.
790 1213 918 1267 Ach.
964 1213 1114 1267 adest
1158 1214 1254 1269 sub
1289 1214 1585 1269 nominibus
1623 1214 1895 1285 ''Spiloma
1922 1212 2271 1285 patdlatnffl
2308 1216 2384 1281 (ρ.
2421 1214 2522 1280 μ).

198 1290 477 1353 ”Leo-idea
510 1299 800 1355 soredella”
837 1303 893 1355 et
928 1300 1226 1356 ”Idmbon'a
1261 1302 1553 1372 reyularff
1592 1305 1663 1374 (p.
1701 1307 1792 1373 p).

685 1561 786 1625 37.
875 1561 1454 1629 RHIZOCARPON
1499 1565 1733 1647 (Ram.)
1779 1564 1893 1628 Th.
1942 1561 2048 1627 Fr.

391 1731 645 1797 Thallus
691 1736 1071 1813 mustacem,
1117 1718 1471 1813 uniformia,
1516 1735 1738 1820 hyphis
1777 1734 2216 1800 medullaribus
2258 1732 2520 1806 adfixus;

205 1831 539 1910 apothecis.
582 1835 917 1914 lecideina;
963 1858 1155 1922 sporae
1200 1840 1505 1923 dyblastae
1548 1838 1647 1903 vel
1685 1838 1928 1902 dmum
1956 1836 2267 1910 murales,
2298 1834 2523 1899 halone

206 1928 475 2014 hyalino
521 1937 773 2014 velatae,
818 1940 1169 2006 incoloratae
1213 1943 1310 2007 vel
1354 1943 1599 2006 demum
1648 1941 1937 2006 obscurae.

358 2070 492 2141 Syn.
568 2071 941 2143 Rhizocarpon
984 2075 1227 2153 Ram3in
1268 2076 1374 2131 DC.
1413 2075 1491 2130 Fl.
1531 2075 1593 2130 fr.
1629 2074 1681 2128 11
1718 2076 1904 2144 (1805)
1940 2094 1990 2146 p.
2031 2075 2134 2129 365
2171 2078 2248 2144 (p.
2287 2075 2389 2142 p.)‚
2425 2071 2522 2126 Th.

199 2150 297 2207 Fr.
343 2156 468 2211 Gen.
510 2158 736 2215 Heterol.
779 2162 962 2227 (1861)
998 2179 1045 2232 p.
1084 2162 1167 2215 91.

359 2282 591 2352 Descript.
662 2282 890 2336 Thallus
942 2285 1150 2338 omnino
1181 2254 1518 2344 'crustaceuffi
1574 2298 1877 2337 verrucosus
1927 2299 1973 2335 v.
2020 2284 2306 2345 areolam,
2356 2282 2522 2352 hypo-

206 2363 383 2420 thallo
437 2385 569 2438 saepe
622 2367 887 2424 distincto.
960 2370 1162 2441 Hyphae
1208 2373 1292 2424 sat
1336 2368 1548 2432 validm,
1607 2370 1827 2423 materia
1862 2369 2155 2439 amyloidea
2189 2370 2403 2423 imbutae
2437 2368 2522 2422 vel

207 2456 465 2510 carentes.
538 2453 763 2510 Gonidia
798 2472 931 2526 saepe
967 2455 1274 2528 ellipsoidea
1309 2456 1392 2512 vel
1429 2457 1667 2527 oblonga.

354 2558 644 2627 Apothecia
688 2561 831 2622 atra,
877 2576 1014 2614 nunc
1066 2550 1213 2615 inter'
1239 2560 1439 2615 areolas
1474 2577 1686 2631 sparsa,
1721 2576 1857 2614 nunc
1891 2559 1998 2614 illis
2034 2561 2227 2617 adnata
2262 2560 2522 2613 innatave.

211 2641 522 2714 Excipulum
559 2645 930 2700 carbonaceum
945 2687 957 2708 .
995 2647 1367 2719 hypothecium
1403 2648 1617 2702 obscure
1653 2648 1954 2703 coloratum.

353 2745 540 2816 Sporae
574 2749 800 2818 primum
836 2749 1132 2804 incoloratae
1168 2755 1224 2805 et
1259 2752 1365 2805 cito
1402 2749 1679 2820 dyblastae‚
1717 2767 1853 2806 nunc
1890 2766 1993 2804 non
2026 2749 2245 2804 ulterius
2279 2751 2523 2815 mutata),

212 2848 348 2886 nunc
383 2834 501 2904 plus
537 2835 708 2890 minus
744 2834 1167 2899 murali-divisas,
1206 2837 1376 2891 colore
1419 2853 1519 2890 non
1555 2840 1771 2891 mutatae
1797 2836 1882 2891 vel
1915 2836 2032 2907 plus
2068 2836 2239 2890 minus
2274 2835 2524 2889 distincte

213 2920 422 2990 citoque
459 2920 768 2986 obscuratte,
804 2922 991 2977 halone
1028 2925 1276 2980 crassiore
1312 2925 1613 2979 tenuioreve
1650 2924 1861 2993 hyalino
1896 2922 2156 2977 involutae.

349 3023 652 3094 Spernzatia
687 3026 967 3081 anicularia
1002 3044 1048 3081 v.
1087 3029 1396 3099 cybum-ica,
1436 3031 1578 3082 recta
1616 3026 2007 3081 rectinsculave.

353 3127 465 3185 obs.
535 3129 622 3184 Ita
656 3130 971 3192 limitatum,
1024 3134 1082 3185 ut
1117 3133 1173 3187 in
1207 3132 1306 3186 hoc
1343 3147 1496 3202 opere
1533 3135 1694 3200 atque
1725 3131 1836 3200 jam
1871 3131 1924 3185 in
1960 3130 2109 3185 Lich.
2146 3131 2318 3190 Aret..
2356 3144 2521 3198 genus

216 3214 538 3286 Rlnlsocarpi
586 3217 881 3287 analogiam
941 3218 1025 3271 vel
1077 3217 1391 3273 affinitatem
1447 3234 1564 3273 cnm
1612 3217 1754 3272 haud
1800 3219 1979 3288 paucis
2024 3217 2143 3272 aliis
2188 3215 2523 3281 (Catillaria,

219 3301 439 3356 Buellia
457 3345 470 3371 ‚
506 3303 780 3372 Lopadio)
817 3303 986 3357 offert.
1047 3303 1201 3359 Certe
1238 3322 1440 3374 quoque
1476 3306 1735 3376 praecipua
1770 3308 1896 3359 nota
1933 3300 2358 3358 characteristica
2382 3303 2523 3371 (spo-

217 3404 388 3441 rarum
435 3389 577 3451 halo,
630 3376 690 3444 1'1·
725 3388 964 3443 adhibito
1000 3406 1134 3460 saepe
1180 3392 1348 3461 magis
1392 3390 1631 3453 evidens)
1679 3408 1862 3462 parum
1907 3390 2155 3445 notabilis
2197 3406 2230 3443 a
2263 3388 2523 3460 plerisque

218 3478 487 3543 censetur,
541 3476 632 3530 sed
684 3492 849 3546 genus
902 3492 1015 3530 esse
1071 3477 1309 3531 naturale
1363 3477 1597 3546 beneque
1640 3477 1930 3531 limitatum
1975 3478 2183 3532 omuino
2220 3490 2522 3546 persuasum

217 3559 480 3614 habemus.
502 3563 848 3633 —Praecipue
885 3563 1134 3617 absonum
1171 3561 1308 3616 forte
1345 3562 1613 3627 videatur,
1652 3565 1908 3619 sectiones
1934 3563 2221 3631 catocawi
2242 3565 2297 3616 et
2320 3561 2523 3615 Ewrln'-

216 3649 432 3716 zocarpi
482 3649 537 3702 in
589 3665 749 3702 unum
803 3666 967 3719 genus
1021 3667 1134 3704 esse
1188 3649 1506 3718 conjunctas.
1577 3650 1651 3704 At
1704 3654 1846 3704 certe
1900 3653 2043 3704 arcte
2097 3652 2220 3702 sunt
2255 3648 2521 3702 connexae!

220 3731 368 3796 Quod
416 3764 476 3772 —
524 3732 656 3787 alias
702 3737 764 3788 ut
819 3740 1054 3790 tacemus
1099 3736 1334 3790 rationes
1376 3767 1435 3776 —-
1477 3735 1700 3790 suadent
1735 3737 1896 3790 series
1931 3736 2219 3806 specierum
2256 3732 2524 3788 evidenter

221 3819 556 3888 analogarum
594 3825 753 3890 atque
789 3821 854 3875 ad
892 3825 1165 3893 utramque
1203 3825 1483 3878 sectionem
1522 3824 1899 3893 pertinentium
1934 3840 1981 3876 v.
2020 3839 2062 3877 c.

447 3941 783 4013 Catocarpon
1680 3945 2121 4014 Eurhoeocaaepon

357 4027 459 4084 Rh.
489 4030 846 4100 polycarpum
894 4069 1628 4083 ...............
1666 4032 1767 4086 ΙίΙι.
1807 4033 2108 4086 destinatam

397 4156 421 4181 „
493 4116 880 4186 chionophilum
942 4156 1208 4169 ......
1213 4121 1218 4128 “
1248 4158 1625 4172 ........
1700 4159 1725 4183 „
1805 4119 2142 4173 viridiatrum

393 4243 418 4267 ‚,
490 4204 837 4273 esfiyuratum
894 4242 1623 4258 ...............
1698 4246 1723 4268 „
1799 4205 2201 4275 yeoyraphicum

394 4329 419 4353 „
491 4289 788 4358 Copelandi
837 4329 1623 4345 ................
1696 4332 1721 4357 ‚‚
1796 4292 2004 4360 yramle

391 4416 416 4440 ,,
488 4379 846 4446 applanatum
894 4416 1630 4432 ...............
1704 4419 1729 4443 ,,
1807 4378 2143 4432 obscuratum

394 4503 418 4526 „
487 4465 709 4532 &nobile
740 4501 1629 4519 ..................
1704 4504 1730 4529 ‚‚
1810 4465 2085 4518 rubescens

393 4590 418 4614 „
489 4550 887 4606 caeruleoazbum
943 4589 1628 4607 ..............
1703 4590 1727 4615 ‚‚
1809 4551 2105 4606 calcar-eum
