3177 5011
1710 344 1730 402 1
1746 345 1829 405 30

604 487 812 553 ”Lich.
880 488 1276 575 ambzyuus”)
1341 491 1532 557 adest.
1646 494 1850 559 Etiam
1918 476 2011 561 ad*
2060 496 2293 560 tectum
2359 495 2636 579 ligneum
2702 501 2920 585 templi

605 591 791 656 Alsen
837 591 1230 657 Jemtlandiae
1275 593 1371 677 (S.
1417 594 1780 681 Almqvist).

745 710 961 765 Thallus
1004 714 1288 783 reagentiis
1334 715 1507 769 solitis
1550 716 1776 770 colorem
1824 733 1924 770 nou
1971 721 2159 773 mutat.
2185 750 2242 757 —
2266 721 2560 790 Apothecia
2594 721 2763 793 primo
2799 739 2923 777 con-

599 813 754 861 cava,
800 798 921 852 dein
965 799 1313 868 planiuscula.
1362 802 1500 856 2-4
1544 820 1667 857 mm.
1713 803 1840 858 lata.
1920 804 2093 874 Sporae
2138 807 2437 869 Quos—12
2485 822 2609 860 mm.
2656 807 2823 878 longae
2867 813 2924 862 et

600 886 866 943 0‚005-6
906 902 1036 975 mm.-
1065 900 1263 938 crassae.

1274 1097 1371 1159 18.
1462 1101 1528 1158 P.
1577 1102 2003 1163 MOUGEOTII
2047 1102 2253 1163 Schaer.

778 1250 1033 1315 Thallus
1075 1253 1384 1328 πιόηιιίηε,
1430 1253 2426 1331 subcrustaoeo-membranaceus,
2471 1256 2820 1337 adpressus
2869 1262 2929 1321 et

606 1356 780 1415 arcte
852 1354 1161 1430 minatus,
1240 1354 1453 1419 viridi·
1530 1372 1587 1417 v,
1661 1356 2289 1434 cinereo-flavescen8‚
2355 1360 2602 1439 politus
2620 1408 2634 1436 ‚
2714 1363 2923 1425 centro

609 1453 924 1517 obscurior
988 1457 1051 1519 et
1110 1456 1471 1540 sulphureo·
1539 1477 1597 1522 v.
1668 1459 2300 1535 albido-sorediatus,
2382 1461 2598 1525 subtus
2664 1481 2928 1545 rugosus

607 1554 1018 1640 flisco-niger;
1064 1560 1302 1625 laciniae
1352 1565 1657 1642 anqustae,
1700 1561 2307 1640 lineari-multifidae.
2342 1564 2821 1629 convexiusculae
2865 1584 2925 1629 v.

607 1660 951 1742 subplanae,
1010 1665 1297 1744 apicibus
1350 1663 1736 1744 explanam,
1793 1669 2210 1731 transversim
2264 1669 2552 1743 rimosam
2608 1666 2929 1749 apothecia

609 1763 877 1841 minuta,
958 1765 1302 1831 rufo-fusca
1364 1786 1421 1829 v.
1489 1766 1700 1842 badia,
1788 1771 2068 1852 margine
2145 1767 2928 1852 sulphureo-pulverulento

604 1866 834 1941 cincta3
882 1868 1216 1951 spermatia
1257 1873 1459 1942 recta,
1493 1868 1731 1945 brevia,
1767 1872 2236 1955 mobcylr'ndrica
2269 1872 2355 1955 (v.
2386 1872 2675 1954 utrinque
2709 1871 2931 1936 leviter

607 1966 1406 2054 fusiformi-incrassatula).

746 2085 882 2156 Syn.
964 2087 1238 2143 Par-melia
1295 2088 1587 2157 Mouqeotii
1624 2087 1813 2141 Schaer.
1861 2087 2051 2143 Enum.
2099 2090 2283 2159 (1850)
2329 2108 2380 2160 p.
2426 2090 2522 2156 46,
2569 2092 2693 2160 Nyl.
2740 2092 2928 2147 Scand.

608 2189 657 2242 p.
697 2173 823 2236 100,
862 2172 950 2227 Br.
991 2176 1047 2228 et
1082 2176 1254 2229 Rostr.
1295 2175 1429 2230 Dan.
1467 2193 1519 2245 p.
1560 2173 1647 2227 59.
1675 2204 1731 2213 -
1756 2173 2076 2228 Imbm'caria
2110 2176 2270 2230 Korb.
2306 2176 2426 2230 Par.
2463 2195 2516 2248 p.
2557 2180 2642 2232 32.

749 2260 1023 2315 Par-melia
1059 2263 1288 2317 discreta
1323 2262 1446 2333 Nyl.
1484 2263 1539 2317 in
1575 2261 1734 2315 Flora
1769 2261 1907 2315 1869
1942 2279 1992 2331 p.
2034 2262 2135 2315 297
2175 2264 2247 2333 (Ρ.
2287 2262 2374 2333 p.).

780 2366 874 2429 Ad
943 2387 1086 2431 saxa-
1149 2367 1517 2452 lapillosque
1584 2365 1898 2449 plutonica
1964 2386 2131 2442 rara,
2214 2366 2530 2433 fructifera
2592 2368 2928 2435 rarissima.

608 2468 919 2534 Hactenus
975 2470 1223 2552 cognita
1277 2468 1457 2533 modo
1504 2487 1535 2531 e
1581 2466 1841 2533 Dane'a:
1886 2469 1949 2534 in
1993 2468 2310 2553 Jyllandia
2354 2471 2817 2554 septentrionali
2869 2475 2933 2538 et

606 2573 839 2656 Fyonia
891 2571 1276 2637 meridionali
1332 2572 1561 2655 passim
1618 2571 1753 2655 (ΒΥ.
1808 2575 1873 2636 et
1926 2573 2200 2657 Rostr.);
2265 2573 2524 2637 Suecia:
2574 2593 2681 2657 per
2732 2576 2926 2639 totam

606 2677 920 2740 Nericiam
975 2674 1320 2738 silvaticam
1375 2673 1606 2757 passim
1667 2674 2035 2759 (Blomberg
2091 2679 2155 2740 et
2205 2675 2560 2759 Hellbom)‚
2638 2678 2715 2742 ad
2770 2679 2926 2742 Kal-

607 2778 797 2860 lunga
862 2777 1342 2859 Westrogothiae
1408 2776 1774 2861 (Hulting)‚
1844 2778 1918 2843 ad
1991 2778 2343 2843 Marstrand
2407 2779 2690 2844 Bahusiae
2745 2800 2929 2865 parce

604 2880 712 2962 (Ο.
763 2880 837 2944 G.
886 2878 1199 2961 Blomb.);
1246 2879 1497 2944 Fannia
1542 2880 1621 2944 ad
1665 2879 2058 2963 Helsingfors
2103 2881 2237 2964 (W.
2284 2880 2485 2964 Nyl.).

747 2998 810 3051 P.
849 3012 1142 3065 comper-sce
1177 2996 1540 3051 verisimiliter
1573 2998 1835 3067 proxima,
1875 2999 1976 3053 etsi
2013 2998 2243 3053 omnium
2281 3000 2511 3069 partium
2546 3001 2748 3054 minore
2793 2999 2929 3053 mole

602 3083 836 3152 (laciniis
881 3085 998 3137 circ.
1043 3084 1130 3146 0,5
1171 3099 1296 3137 mm.
1336 3083 1511 3151 latis),
1550 3084 1771 3139 sorediis
1807 3089 1904 3139 cet.
1943 3084 2166 3138 diversa.
2241 3085 2490 3153 Majorem
2528 3085 2927 3140 similitudinem

610 3187 727 3224 cum
765 3172 829 3223 P.
870 3170 1073 3238 ‹infin-sa
1109 3186 1336 3239 persaepe
1374 3167 1554 3234 offert,
1594 3187 1626 3224 a
1661 3187 1764 3240 qua
1798 3170 1965 3225 thallo
2002 3171 2193 3240 polito,
2232 3172 2449 3226 sorediis
2468 3172 2773 3242 pallioribus
2798 3190 2928 3242 prae-

608 3258 861 3326 cipueque
898 3256 1299 3326 spermatiorum
1334 3258 1503 3310 forma
1539 3257 1735 3312 differt.
1763 3259 2138 3328 -Apothecia
2173 3258 2329 3312 diam.
2367 3259 2489 3311 circ.
2530 3259 2559 3310 1
2587 3275 2736 3322 mm.;
2766 3275 2929 3328 sporoe

606 3345 904 3404 0‚008-lo
942 3359 1065 3397 mm.
1103 3341 1270 3412 longae
1306 3346 1362 3397 et
1395 3345 1655 3406 0,005—6
1687 3361 1810 3399 mm.
1839 3361 2035 3398 crasaae.
2061 3371 2123 3381 —
2142 3341 2334 3399 ‘Omnia
2352 3345 2637 3414 specimina
2654 3347 2857 3399 suecica
2874 3347 2931 3398 et

613 3429 822 3485 fennica
856 3429 924 3482 ad
967 3429 1188 3483 formam
1233 3430 1512 3485 discretam
1558 3431 1681 3501 Nyl.
1729 3432 1847 3500 Syn.
1896 3450 1946 3501 p.
1996 3432 2122 3492 392,
2171 3431 2356 3484 Scand.
2402 3449 2449 3501 p.
2491 3431 2595 3482 100
2630 3433 2927 3501 pertinent,

615 3515 821 3569 laciniis
857 3515 1124 3579 discretim
1164 3520 1343 3570 centro
1380 3534 1515 3587 saepe
1552 3515 1993 3571 cinei-accentibus
2028 3517 2316 3588 paullulum
2352 3516 2621 3571 distincta.

753 3600 867 3654 obs·
940 3600 1136 3655 Nostra
1182 3604 1367 3657 Parm.
1413 3604 1679 3672 aspie-ola,
1724 3620 1755 3656 a
1800 3603 1907 3656 Cel.
1953 3602 2222 3672 Nylandro
2267 3602 2492 3672 primum
2528 3620 2622 3672 pro
2657 3602 2824 3658 forma
2859 3603 2926 3658 P.

609 3690 792 3758 etyffl'ae
825 3686 1009 3741 habita
1045 3688 1159 3758 (cfr.
1197 3690 1344 3744 Lich.
1385 3690 1577 3762 Spitsb.
1615 3708 1665 3761 p.
1702 3691 1823 3755 12),
1863 3690 1982 3744 dein
2008 3689 2075 3742 ad
2098 3689 2164 3742 P.
2191 3694 2495 3742 encaustum
2520 3690 2715 3757 rejecta
2739 3690 2928 3761 (Lapp.

616 3791 692 3828 or.
729 3791 779 3844 p.
817 3775 969 3837 120),
1026 3773 1235 3829 demum
1274 3794 1386 3830 cum
1425 3778 1491 3831 P.
1532 3777 1826 3845 Mmeqeotii
1849 3777 1901 3844 f.
1941 3777 2166 3829 delet-reta
2198 3774 2320 3844 Nyl.
2357 3774 2535 3843 (Flora
2561 3775 2699 3828 1869
2723 3794 2774 3846 p.
2804 3777 2930 3847 297)

615 3864 698 3916 est
749 3860 1026 3930 conjuncta
1077 3865 1132 3916 et
1186 3862 1247 3916 P.
1304 3863 1531 3917 discreta
1583 3863 1632 3917 N
1635 3863 1706 3932 51.
1762 3863 2048 3916 nominata.
2129 3859 2413 3915 Lichenem
2457 3861 2643 3914 eximie
2696 3863 2931 3931 alpinum

619 3946 835 4015 locaque
891 3948 1114 4002 maxime
1167 3949 1342 4018 aprica
1393 3953 1658 4004 amantem
1702 3950 1758 4003 in
1800 3948 2001 4003 Fennia
2044 3947 2265 4001 maxime
2310 3946 2529 4000 australi
2574 3947 2933 4018 ”stationeque

615 4032 982 4087 subumbrosa”
1035 4034 1280 4097 inveniri,
1337 4052 1454 4089 mox
1505 4036 1714 4090 videtur
1765 4034 2047 4090 admodum
2103 4038 2426 4105 suspectum
2467 4033 2627 4089 dubia
2661 4035 2782 4089 inde
2818 4038 2936 4089 orta

620 4118 967 4189 descriptione
1024 4119 1410 4190 Nylanderiana
1466 4122 1727 4192 (laciniis
1875 4120 2109 4191 apicibus
2156 4121 2408 4190 flavidis,
2472 4121 2738 4189 deberetne,
2797 4139 2933 4192 saepe

618 4205 842 4259 sor-edite
884 4210 1089 4261 munita
1131 4209 1434 4262 rotundatis
1477 4209 1804 4262 tuberculose
1844 4206 2203 4278 prominulis”)
2247 4207 2408 4262 etiam
2460 4209 2630 4279 magis
2674 4212 2935 4279 augentur

617 4295 672 4346 et
716 4292 951 4345 examine
989 4291 1287 4362 speciminis
1322 4294 1621 4363 originalis,
1668 4295 1721 4347 in
1758 4293 1844 4346 hb.
1881 4292 2013 4346 Mus.
2051 4293 2214 4347 Fenn.
2252 4296 2525 4356 asservati,
2564 4297 2776 4349 omnino
2808 4311 2960 4348 con-r

612 4377 926 4446 firmantur.
1004 4378 1505 4446 Mamfestsseimum
1550 4380 1691 4432 enim
1729 4381 1833 4438 cst.
1862 4379 2113 4447 plantam
2150 4379 2443 4434 Fennicam
2468 4385 2679 4435 omnino
2714 4382 2933 4436 eandem

614 4480 723 4518 ωσι
765 4479 830 4518 ac
875 4465 937 4517 P.
988 4464 1280 4533 Mouyeocii
1309 4468 1593 4532 suea'cam5
1648 4466 1782 4519 hanc
1818 4482 1939 4520 vero
1975 4465 2083 4521 fere
2120 4468 2331 4522 omnino
2366 4467 2501 4522 nihil
2537 4484 2654 4522 cum
2690 4469 2753 4523 P.
2792 4468 2933 4538 aupi-

619 4551 737 4604 cola
781 4549 974 4604 habere
1020 4567 1319 4615 commune,
1366 4555 1450 4607 vix
1495 4553 1769 4622 quisquam
1817 4551 2045 4622 negabit.
2072 4584 2126 4593 ——
2152 4553 2273 4607 Sola
2308 4570 2510 4618 caussa,
2549 4572 2642 4608 eur
2676 4554 2787 4608 Cel.
2827 4555 2935 4624 Ny-
