3177 5011
1324 326 1362 393 5

346 484 623 555 Theoria
668 482 1253 553 Schwendeneriana
1294 483 1629 572 permultis
1685 483 2067 571 argumentis
2125 484 2369 554 videtur
2412 507 2511 554 re-

152 592 339 669 felli,
389 612 424 658 e
468 591 693 677 quibus
738 609 935 673 pauca
974 589 1091 655 hoc
1136 589 1272 656 loco
1315 590 1504 656 liceat
1546 589 1787 656 afferre.
1876 589 2090 657 Primo
2138 629 2220 638 —
2267 594 2330 658 et
2374 593 2509 658 obi-

153 698 265 762 ter
326 698 578 761 tantum
624 730 707 742 --
764 693 1125 758 adnotatum
1182 693 1498 770 volumuS,
1555 697 1653 759 sat
1709 693 2023 777 singulare
2080 717 2223 763 sane
2277 696 2509 775 videri,

154 801 305 866 haec
390 798 698 880 ambiguae
776 796 1163 880 duplicisque
1240 800 1477 863 naturae
1542 799 1921 883 vegetabilia
2008 799 2095 884 (si
2160 800 2339 867 modo
2431 799 2510 865 ab

156 903 339 987 algis
385 900 716 984 fungisque
762 900 906 965 sunt
950 901 1324 986 composita)
1368 921 1490 968 non
1533 904 1737 968 solum
1781 902 1932 968 adeo
1970 921 2102 967 esse
2133 903 2380 989 copiosa
2411 903 2507 967 at-

158 1026 292 1091 que
350 1025 464 1091 per
522 1023 733 1070 omnes
790 1003 957 1068 orbis
1013 1006 1319 1070 terrarum
1375 1005 1659 1088 regiones
1723 1006 2089 1081 distributa,
2146 1006 2254 1070 sed
2320 1005 2512 1070 etiam

154 1109 406 1193 ubique
470 1106 847 1191 peculiarem
913 1105 1178 1171 formam
1244 1109 1558 1174 externam
1626 1109 1758 1175 tam
1823 1108 2175 1174 constanter
2241 1127 2503 1175 servare.

158 1212 440 1279 Thallus
485 1209 651 1275 enim
690 1207 1031 1287 lichenum,
1079 1209 1416 1275 secundum
1460 1212 1733 1277 indolem
1776 1212 2069 1296 cujusque
2101 1212 2361 1297 speciei,
2398 1230 2507 1276 suo

160 1315 359 1382 modo
408 1311 803 1397 expanditur,
849 1311 913 1377 in
959 1311 1230 1389 areolas,
1287 1313 1494 1393 lobos,
1549 1334 1756 1381 ramos
1814 1315 2109 1379 dividitur
2153 1317 2270 1380 etc.
2319 1351 2398 1362 —·
2446 1315 2511 1380 et

165 1438 292 1503 quo
340 1416 529 1483 modo
574 1416 690 1480 hoc
734 1414 889 1481 fiat?
936 1414 1032 1491 Si,
1076 1417 1147 1480 ut
1190 1416 1371 1482 docet
1415 1418 1657 1484 theoria
1686 1437 1881 1501 nuper
1912 1416 2132 1495 allata,
2163 1417 2395 1482 thallus
2426 1417 2504 1480 li-

163 1521 440 1586 chenum
486 1538 518 1582 e
562 1517 825 1602 mycelio
870 1518 1047 1601 fungi
1091 1518 1381 1604 (hyphis)
1428 1521 1493 1585 in
1537 1522 1702 1605 algis
1747 1519 2082 1607 (gonidiis)
2127 1519 2506 1603 parasitante

165 1626 339 1691 esset
386 1624 738 1699 contextuS,
776 1623 911 1685 tum
950 1621 1049 1706 (ni
1076 1621 1384 1709 fallimur)
1420 1623 1652 1689 thallus
1684 1622 2089 1688 directionem
2121 1623 2504 1710 formamque

167 1726 450 1811 gonidiis
494 1725 766 1790 deberet.
855 1724 1123 1789 Necesse
1167 1728 1262 1792 est
1292 1727 1487 1804 enim,
1516 1725 1796 1811 plantam
1830 1726 2201 1792 nutrientem
2237 1728 2509 1811 primum

167 1831 423 1906 adesse,
470 1828 571 1894 cui
616 1828 755 1891 dein
800 1826 1133 1910 affigantur
1177 1830 1486 1912 parasitae.
1574 1830 1649 1894 In
1691 1828 1881 1893 ramis
1926 1827 2120 1911 igitur
2151 1830 2469 1897 laciniisve
2488 1879 2503 1908 ,

169 1934 302 1998 tam
363 1952 438 1997 ex
492 1931 717 2015 hyphis
785 1949 969 2014 quam
1034 1931 1302 2013 gonidiis
1357 1932 1676 2010 formatiS,
1744 1933 1873 1996 haec
1930 1931 2201 2015 primum
2261 1934 2505 2017 illaeque

168 2037 394 2103 deinde
441 2035 838 2109 exsisterent3
886 2033 1070 2115 atque
1116 2034 1252 2099 ideo
1300 2034 1552 2118 gonidia
1596 2054 1663 2099 se
1707 2034 1969 2099 invicem
2036 2035 2235 2101 libera
2290 2036 2387 2101 vel
2442 2037 2509 2100 in

169 2158 422 2223 sparsos
470 2136 847 2221 glomerulos
904 2138 1225 2202 catenasve
1267 2137 1484 2220 juncta
1534 2137 1883 2223 hypharum
1936 2137 2339 2204 directionem
2387 2140 2504 2203 cet.

169 2243 262 2308 ita
306 2240 825 2316 determinarent,
860 2239 930 2303 ut
964 2257 1340 2322 unaquaeque
1372 2239 1630 2304 lichenis
1663 2241 1898 2324 species
1931 2240 2213 2305 habitum
2246 2241 2505 2307 eundem

171 2364 419 2427 semper
463 2342 786 2426 praeberet.
874 2342 1034 2406 Rem
1078 2360 1210 2406 sese
1256 2360 1375 2405 uon
1416 2342 1503 2406 ita
1532 2342 1793 2420 habere,
1830 2343 2106 2408 studium
2140 2362 2259 2408 non
2291 2345 2504 2409 admo·

175 2447 324 2513 dum
385 2447 614 2512 subtile
659 2465 799 2511 mox
854 2445 1063 2523 docet3
1132 2444 1353 2530 hyphae
1410 2445 1575 2511 enim
1642 2448 1942 2531 primum,
2011 2446 2263 2530 gonidia
2313 2448 2509 2514 serius

176 2551 540 2634 gignuntur.
634 2547 764 2627 Quo
827 2568 970 2614 vero
1024 2549 1207 2614 modo
1264 2550 1468 2633 potest
1532 2550 1735 2616 infans
1789 2552 1929 2616 ante
1987 2551 2292 2616 nutricem
2346 2552 2506 2617 exsi-

177 2656 384 2719 stere?

347 2755 544 2838 Algas
585 2754 725 2820 loca
769 2755 1014 2821 omnino
1059 2754 1303 2820 diversa
1347 2771 1585 2829 amare,
1634 2772 1817 2837 quam
1869 2772 2004 2837 quae
2058 2757 2293 2837 praebet
2339 2756 2503 2822 thal-

177 2857 272 2922 lus
325 2857 672 2934 lichenum,
732 2857 932 2922 obiter
987 2876 1228 2942 quoque
1284 2857 1434 2921 licet
1488 2855 1818 2932 adnotare;
1867 2857 2030 2940 quod
2074 2861 2506 2941 argumentum

178 2963 474 3044 praeterea
528 2960 833 3044 gravioris
888 2981 1008 3026 non
1062 2962 1157 3024 est
1212 2959 1528 3024 momenti.
1631 2959 2105 3025 Parasitismum
2160 2981 2306 3027 vero
2362 2982 2506 3027 sane

180 3064 561 3141 mirabilem,
608 3082 820 3147 quem,
867 3084 942 3129 ne
986 3082 1127 3128 mox
1184 3063 1500 3146 rejiciatur
1554 3061 1689 3128 tota
1741 3063 1873 3128 haec
1930 3062 2202 3139 theoria,
2260 3083 2507 3129 necesse

180 3169 273 3231 est
333 3184 701 3248 agnoscere,
770 3166 979 3249 paullo
1034 3167 1383 3232 accuratius
1441 3166 1878 3230 examinemus.
1989 3165 2172 3248 Apud
2234 3166 2506 3232 lichenes

181 3269 339 3334 enim
386 3268 676 3333 adessent
732 3270 960 3352 plantae
1005 3271 1348 3334 nutrientes
1393 3269 1522 3354 (vel
1579 3269 1786 3352 potius
1850 3267 2105 3332 coloniae
2164 3287 2506 3354 gregesque

181 3370 532 3455 plantarum
576 3372 1046 3456 nutrientium),
1096 3392 1231 3456 quae
1276 3392 1314 3437 a
1356 3372 1647 3455 parasitis
1694 3370 1961 3453 undique
2017 3372 2361 3436 arctissime
2407 3373 2502 3437 in-

183 3472 574 3537 eluderentur
598 3476 661 3537 et
682 3474 1154 3557 diligentissime
1178 3476 1555 3559 tegerentur.
1598 3472 1790 3552 Quale
1813 3473 2063 3556 quidem
2087 3473 2186 3536 vix
2211 3494 2505 3558 umquam

184 3577 492 3651 auditum,
540 3576 647 3641 sed
692 3615 773 3624 —-
820 3577 1202 3643 mirabiliora
1245 3578 1510 3642 restant!
1602 3574 1877 3639 Perbene
1933 3575 2098 3639 enim
2143 3578 2237 3641 est
2288 3580 2502 3661 cogni-

185 3681 340 3756 tum,
396 3679 551 3744 alias
613 3679 885 3763 plantaS,
943 3700 975 3746 e
1029 3681 1251 3765 quibus
1315 3678 1763 3744 nutrimentum
1830 3677 2121 3742 hauriant
2186 3681 2504 3762 parasitae,

185 3783 315 3847 inde
372 3782 802 3865 languescere,
848 3786 1184 3867 aegrotare,
1246 3783 1436 3860 mori3
1493 3783 1596 3847 hic
1656 3799 1799 3845 vero
1859 3780 2137 3845 videmus
2180 3781 2424 3865 plantas
2470 3803 2507 3848 a

190 4005 402 4060 materia
439 4003 676 4058 colorans
712 4006 1105 4075 (erythrinica),
1143 4004 1307 4060 etiam
1342 4005 1429 4059 hic
1463 4005 1696 4075 positum
1733 4004 1944 4059 videtur
1992 4004 2048 4059 in
2092 4007 2262 4059 strato
2297 4003 2506 4074 gonidi-

191 4091 288 4146 ali*
331 4090 516 4159 (Flora
562 4091 700 4144 1869
736 4109 788 4162 p.
825 4093 969 4163 387).
1044 4091 1169 4158 Quae
1216 4110 1297 4148 res
1344 4092 1494 4146 nobis
1540 4091 1734 4145 nullius
1777 4091 1987 4146 videtur
2022 4091 2292 4145 momenti.
2366 4089 2504 4155 Quin

193 4182 357 4231 contra
401 4177 663 4248 possimus
708 4178 880 4232 forsan
926 4178 1206 4250 suspicari,
1254 4180 1495 4231 naturam
1541 4178 1831 4232 chemicam
1876 4178 2107 4248 partium
2152 4176 2307 4231 thalli
2352 4178 2504 4246 goni-

195 4265 282 4319 diis
321 4264 616 4318 vicinarum
661 4280 775 4317 eam
820 4266 885 4319 ob
931 4281 1168 4319 caussam
1213 4282 1326 4320 esse
1380 4265 1722 4334 peculiarem,
1780 4264 1918 4333 quod
1962 4265 2186 4318 materia
2220 4264 2393 4317 aliena
2436 4263 2503 4316 ab

197 4352 386 4422 ¹''algis”
444 4355 653 4404 secreta
712 4351 821 4404 sint
872 4353 1089 4406 imbutae
1146 4351 1314 4405 aliove
1378 4350 1531 4404 modo
1593 4355 1828 4405 mutatae.
1881 4383 1943 4391 —-
2003 4351 2316 4405 Rectissime
2381 4366 2504 4403 vero

196 4438 477 4493 observavit
525 4436 819 4506 Nylander,
864 4439 1001 4493 nihil
1045 4439 1168 4492 huic
1215 4437 1413 4507 duplici
1448 4437 1716 4492 lichenum
1760 4439 1952 4508 origini
1995 4438 2167 4491 simile
2203 4436 2290 4491 vel
2323 4437 2504 4490 analo·

195 4529 299 4598 gum
334 4526 392 4582 in
431 4527 552 4579 toto
589 4541 750 4596 regno
788 4524 1075 4597 vegetabili
1111 4524 1284 4580 adhuc
1321 4541 1433 4579 esse
1471 4525 1824 4580 observatum.
