3177 5011
1794 281 1876 354 32

661 440 882 512 (Lichen
913 444 1215 500 stationem
1260 443 1321 499 E.
1360 443 1422 499 Β.
1459 442 1569 499 tab.
1610 446 1772 514 1353)
1806 465 1880 495 =
1913 442 2171 514 vulgaris,
2210 440 2501 499 tuberculis
2535 445 2714 516 parvis
2760 448 3013 518 (alienis)

664 531 825 587 fuscis
869 532 905 585 l.
954 532 1266 603 fusconigris
1302 533 1572 602 adspersa3
1615 551 1660 584 ε.
1699 537 1880 585 retu-sa
1915 531 2082 585 Meth.
2121 548 2173 601 p.
2215 532 2345 593 257,
2396 530 2555 589 Univ,
2594 553 2646 605 p.
2685 537 2817 599 443,
2870 537 3010 590 Vet.

663 618 761 672 Ak.
798 617 993 673 Handl.
1032 619 1069 672 l.
1109 637 1184 681 c..
1224 618 1346 689 Syn.
1386 639 1438 690 p.
1478 620 1581 672 245
1615 642 1690 668 =
1723 617 1892 672 forma
1924 618 2094 672 thallo
2130 620 2430 688 coespitosm
2469 619 2680 676 brevius
2714 623 3010 687 laciniam,

662 705 868 758 laciniis
904 704 1181 770 confertis,
1222 708 1368 776 apice
1405 706 1955 775 retuso-emarginatis
1991 705 2268 768 distincta,
2307 706 2374 759 ad
2411 710 2554 762 tecta
2588 727 2855 780 saepesque
2895 711 3011 781 lig-

665 807 791 845 neas
839 792 1036 846 sterilis
1083 795 1277 863 passim
1326 793 1503 857 obvim
1564 793 1612 857 ζ.
1647 792 1968 859 θονεᾱίιζΐενα
2012 791 2167 845 Univ.
2213 809 2266 861 p.
2312 793 2446 855 443,
2503 794 2623 848 Vet.
2662 794 2761 848 Ak.
2802 794 3007 849 Handl.

664 880 702 933 l.
740 895 786 932 c.
823 899 897 929 =
933 879 1101 934 forma
1148 880 1354 935 laciniis
1412 879 1633 935 sorediis
1678 877 2059 933 confluentibus
2102 879 2429 947 marginatis.
2499 881 2623 935 Ver.
2662 878 2713 935 δ.
2744 884 3006 952 phellina

667 965 821 1021 Univ.
858 984 909 1037 p.
947 968 1076 1029 442,
1116 966 1238 1037 Syn.
1277 985 1329 1038 p.
1356 967 1460 1019 245
1497 968 1580 1020 est
1616 966 1783 1020 sonna
1806 966 2113 1020 Bamalinae
2147 967 2399 1021 calcearis
2433 972 2489 1038 β.
2526 971 2582 1023 et
2618 968 2669 1023 d.
2696 971 3006 1023 candidula

667 1054 789 1124 Syn.
817 1072 869 1125 p.
898 1055 998 1107 245
1032 1054 1099 1108 ad
1135 1053 1461 1108 Parmeziam
1490 1053 1874 1122 furfur-accam
1911 1054 2161 1124 pertinet.
2237 1054 2476 1123 Denique
2517 1056 2656 1125 quod
2691 1056 2758 1110 ad
2793 1078 2843 1127 γ.
2866 1074 3005 1124 yra-

666 1142 815 1196 cilem
850 1140 1005 1195 Univ.
1044 1160 1095 1214 p.
1133 1141 1236 1194 442
1274 1141 1495 1203 attinet,
1537 1140 1782 1196 ”laciniis
1816 1142 2061 1211 utrinque
2095 1140 2390 1195 laevissimis
2415 1143 2807 1211 angustissimis
2833 1143 3005 1199 linea-

666 1228 810 1283 ribus
858 1228 1407 1283 dichotomo·ramosis
1449 1228 1740 1299 prostatis”
1789 1231 1844 1282 et
1891 1228 2211 1283 ”teneritate
2256 1228 2567 1283 laciniarum
2610 1229 3007 1284 albissimamm

668 1316 1076 1371 divaricatamm
1141 1314 1519 1386 spectabilem'
1536 1356 1549 1379 ,
1605 1332 1708 1371 sec.
1767 1314 2013 1384 descript.
2069 1318 2124 1369 et
2180 1317 2466 1387 specimina
2527 1333 2589 1372 ex
2641 1314 2893 1370 Helvetia
2948 1319 3005 1370 et

671 1403 1054 1458 Kamtschatka
1089 1403 1310 1472 (fertile)
1346 1403 1447 1457 huc
1483 1402 1549 1457 ab
1586 1403 1716 1457 Ach.
1753 1402 1946 1466 relata,
1985 1419 2018 1456 a
2052 1406 2231 1457 nostra
2266 1420 2373 1458 var.
2410 1408 2466 1474 β.
2503 1420 2606 1458 non
2643 1403 2856 1457 videtur
2892 1403 3004 1458 dis-

671 1508 899 1562 crepare.
974 1491 1271 1562 Specimina
1305 1506 1428 1543 vero
1464 1506 1493 1543 e
1530 1489 1640 1544 solo
1675 1488 1790 1543 loco
1827 1491 1882 1544 in
1918 1489 2130 1560 scriptis
2165 1489 2328 1543 allato
2382 1490 2507 1560 (”in
2560 1492 2772 1562 sepibus
2807 1491 3004 1560 ligneis

671 1577 927 1647 Sueciae‘')
964 1577 1171 1633 desunt.
1245 1578 1308 1631 In
1342 1578 1527 1633 Prodr.
1567 1576 1651 1634 ed.
1687 1575 1730 1629 1.
1755 1593 1805 1647 p.
1833 1575 1936 1630 228
1971 1575 2165 1630 formas
2201 1596 2249 1629 α.
2289 1578 2540 1631 incanam
2575 1582 2630 1632 et
2666 1582 2719 1648 β.
2758 1578 3002 1631 albidum

672 1665 958 1735 distinguit
992 1664 1235 1730 Retzius3
1275 1682 1450 1720 veram
1484 1665 1840 1721 differentiam
1875 1680 1979 1717 non
2015 1662 2380 1733 intelligimus.

811 1767 874 1821 In
908 1767 1056 1824 Lich.
1095 1767 1280 1824 Scaud.
1318 1787 1368 1840 p.
1410 1770 1477 1822 74
1511 1786 1700 1823 novam
1734 1768 1806 1822 Ε.
1843 1767 2257 1836 momorplwm
2283 1764 2534 1821 describit
2557 1767 2662 1837 Nyl
2689 1808 2701 1829 ‚
2744 1768 3005 1822 ''sorediis

674 1854 968 1925 granulosis
1005 1854 1497 1911 subconcoloribus’'
1536 1853 1690 1909 modo
1727 1853 2075 1917 differentem,
2115 1854 2316 1924 ”quum
2350 1853 2407 1907 in
2442 1854 2512 1908 E.
2531 1857 2830 1923 prunastri
2863 1871 3003 1908 sore-

674 1941 787 2004 dia,
843 1942 933 1995 ubi
984 1941 1204 2003 adsunt,
1261 1942 1653 2012 conspiciuntur
1706 1941 1826 1995 alba
1879 1940 2106 1995 farinosa
2118 1940 2159 1992 ”.
2231 1939 2292 1993 In
2337 1940 2451 2010 ipso
2499 1944 2679 1994 autem
2716 1943 3004 2012 specimine

674 2029 918 2099 originali
955 2047 983 2083 e
1021 2028 1236 2100 rupibus
1269 2029 1336 2084 ad
1373 2028 1698 2099 Taipalsaari
1735 2027 2044 2092 Savolaxiae‚
2084 2028 2139 2081 in
2173 2027 2318 2083 herb.
2357 2027 2489 2080 Mus.
2517 2026 2676 2082 Fenn.
2705 2033 3003 2091 asservato,

674 2116 871 2185 passim
915 2114 1109 2170 adsunt
1151 2116 1358 2171 soredia
1404 2132 1566 2187 parva
1610 2116 1758 2169 alba.
1826 2114 2001 2168 Etiam
2038 2115 2301 2186 specimen
2339 2115 2438 2169 ”E.
2468 2116 2763 2184 prunastr-i
2793 2134 2842 2185 y.
2878 2133 3006 2185 qra-

674 2200 827 2256 cim*
866 2218 895 2256 e
930 2201 1315 2257 Kamtschstks
1358 2220 1515 2274 supra
1558 2205 2021 2258 commemoratum
2035 2242 2049 2265 ,
2088 2201 2226 2270 quod
2250 2201 2318 2256 ad
2341 2202 2414 2256 Ε.
2439 2202 2858 2270 mesomorpham
2893 2206 3006 2256 trs·

673 2288 757 2342 bit
805 2288 924 2359 Nyl.
942 2329 956 2354 ,
1005 2290 1212 2344 soredia
1254 2289 1416 2344 habet
1459 2290 1651 2346 albida.
1689 2321 1758 2332 -—
1795 2289 1858 2344 In
1895 2288 2052 2344 Flora
2096 2289 2235 2344 1869
2270 2307 2318 2360 p.
2358 2291 2462 2344 445
2508 2305 2645 2343 nova
2689 2287 2876 2342 addita
2922 2290 3007 2342 est

675 2378 804 2430 nota
840 2376 1294 2441 characteristica,
1344 2376 1545 2430 thallus
1580 2378 1632 2432 Κ
1667 2394 1771 2432 non
1807 2377 2032 2440 tinctus;
2073 2394 2129 2433 re
2165 2395 2291 2432 vera
2325 2380 2504 2432 tamen
2540 2374 2724 2430 eodem
2762 2375 2918 2429 modo
2944 2392 3006 2429 ac

676 2462 748 2518 E.
779 2465 1073 2534 prunastr-i
1122 2465 1358 2518 mutatur
1410 2466 1466 2518 et
1518 2480 1653 2535 saepe
1708 2463 1920 2536 quidem
1975 2463 2278 2522 distinctius
2313 2482 2470 2536 quam
2505 2480 2611 2520 var.
2654 2462 2896 2532 macilis.
2941 2493 3005 2503 -

678 2552 749 2607 E.
785 2551 1149 2620 mesonwrpha
1201 2550 1321 2621 Nyl.
1369 2551 1535 2621 igitur
1579 2552 1726 2606 nullo
1778 2554 1934 2622 pacto
1986 2550 2053 2606 ab
2105 2552 2176 2606 E.
2209 2553 2503 2621 prunastr-i
2533 2550 2570 2607 f.
2603 2550 2802 2621 yracsli
2844 2550 2974 2604 Ach.
2991 2590 3004 2613 ,

678 2638 800 2710 Nyl.
839 2637 957 2709 Syn.
997 2657 1047 2710 p.
1088 2639 1180 2701 74,
1218 2638 1476 2708 distingui
1512 2641 1705 2709 potest.

853 2780 1308 2850 ”Letharia
1358 2779 1474 2845 Th.
1533 2778 1673 2846 Fu:
1730 2780 1995 2845 stratum
2052 2779 2391 2846 medullare
2421 2801 2551 2862 pro
2583 2783 2778 2863 parte
2821 2776 3008 2844 chon-

682 2886 954 2950 droideO.

822 3022 899 3093 Sy
912 3039 965 3104 n.
1037 3019 1261 3076 Chlor-ea
1297 3015 1418 3088 Nyl.
1457 3016 1620 3076 Cla-ss.
1657 3020 1684 3074 1
1721 3020 1907 3090 (1854)
1943 3037 1990 3090 p.
2032 3018 2099 3072 16
2120 3059 2132 3082 ‚
2171 3017 2291 3088 Syn.
2330 3035 2380 3091 p.
2423 3019 2527 3073 274
2563 3019 2774 3089 (nomen
2811 3017 2877 3072 ob
2913 3034 3009 3073 an-

682 3108 881 3180 tiquius
916 3109 1266 3177 homonymon
1300 3124 1465 3178 genus
1502 3105 1880 3162 Orchidearum
1916 3104 2268 3175 mutandum).
2933 3127 2950 3150 a

1356 3350 1414 3415 3.
1504 3352 1572 3416 E.
1622 3352 1966 3416 VULPINA
2022 3355 2147 3428 (L.)
2193 3354 2337 3415 Ach.

857 3485 1118 3557 Thallus
1164 3487 1404 3554 erectus
1450 3489 1547 3555 vel
1595 3486 2042 3574 subpendulu8‚
2089 3486 2577 3565 ramosissimuS‚
2623 3482 2763 3570 plus
2807 3483 3010 3548 minus

687 3613 1101 3679 compressus,
1141 3591 1463 3657 lacunosus
1509 3611 1567 3658 v.
1611 3590 2422 3676 anguloso-scrobiculatu8‚
2453 3589 3009 3662 virenti-citrium,

686 3697 962 3783 apicibus
1009 3695 1356 3761 dichotome
1402 3696 1649 3779 partitis
1695 3694 2029 3771 subulatis;
2077 3695 2430 3782 [apothecis
2463 3691 2650 3776 vulgo
2696 3691 2761 3753 iu
2806 3688 3008 3754 axillis

685 3802 917 3886 posita,
964 3798 1133 3864 disco
1178 3795 1620 3884 badio-fusco}

827 3919 968 4005 syn.
1041 3932 1242 3989 Lichan
1283 3931 1435 3988 Lina.
1482 3932 1567 4006 sp.
1616 3934 1696 3992 PL
1743 3934 1927 4003 (1753)
1963 3952 2015 4004 p.
2054 3934 2217 3997 1155,
2265 3931 2411 3988 saec.
2450 3949 2500 4001 p.
2539 3928 2669 3992 426,
2725 3926 2854 3982 Aah.
2893 3924 3008 3981 vet.

686 4021 784 4078 Ak.
821 4020 1012 4075 Handl.
1054 4021 1188 4074 1797
1228 4036 1276 4089 p.
1316 4020 1443 4080 283,
1493 4021 1674 4077 Prodr.
1713 4040 1763 4091 p.
1802 4021 1933 4084 179,
1982 4020 2170 4091 Wnbg.
2208 4019 2351 4074 Suec.
2388 4036 2439 4089 p.
2477 4017 2600 4070 862.
2637 4045 2704 4056 —-
2740 4014 3009 4068 Parmelia

688 4108 820 4164 Ach.
858 4108 1023 4162 Meth.
1060 4123 1110 4179 p.
1151 4106 1267 4159 267.
1310 4137 1375 4147 -
1412 4106 1656 4163 Eva-nia
1689 4106 1817 4162 Ach.
1855 4105 2008 4162 Univ.
2049 4107 2233 4176 (1810)
2268 4123 2317 4176 p.
2355 4105 2485 4167 443,
2532 4103 2649 4158 Vet.
2688 4101 2784 4155 Ak.
2823 4099 3010 4159 Handl.

690 4196 829 4250 1810
862 4213 916 4267 p.
955 4196 1083 4258 210,
1128 4193 1248 4262 Syn.
1286 4211 1334 4264 p.
1375 4193 1503 4258 245,
1550 4193 1638 4251 Fr.
1676 4193 1735 4249 L.
1774 4193 1834 4250 Ε.
1871 4212 1921 4266 p.
1963 4195 2056 4260 23,
2103 4193 2261 4248 Korb.
2301 4191 2437 4261 Syst.
2475 4207 2526 4261 p.
2565 4190 2649 4245 41.
2692 4218 2752 4228 -
2794 4186 3010 4241 Chlor-ea

689 4282 811 4352 Nyl.
846 4280 1031 4336 Scand.
1066 4298 1116 4352 p.
1157 4280 1240 4335 70.

829 4386 970 4445 ExS.
1007 4391 1063 4443 et
1098 4385 1236 4459 Fig.
1310 4384 1392 4441 Fl-
1418 4385 1550 4443 Dan.
1580 4386 1703 4443 226.
1727 4417 1785 4427 -
1809 4385 1873 4443 L.
1911 4384 1997 4442 Su.
2035 4383 2155 4440 142.
2177 4411 2239 4423 -
2262 4380 2442 4437 Stenh.
2483 4380 2568 4436 91.
2596 4410 2658 4422 —·
2686 4378 2782 4435 Th.
2810 4377 2904 4434 Fr.
2928 4377 3008 4434 29.
