3177 5011
1719 302 1846 368 434

625 456 929 544 praecipue
973 476 1148 524 secus
1191 458 1403 534 litora3
1451 458 1590 523 dein
1636 459 1699 523 in
1744 459 1921 526 distr.
1966 459 2386 526 Nidarosiensi
2433 461 2664 544 pluribi
2698 464 2818 547 (M.
2848 461 2933 528 N.

626 560 865 647 Blytt)‚
938 562 1181 647 alpibus
1246 562 1692 639 DovrensibuS,
1751 561 2314 643 Gudbrandsdalia‚
2360 565 2608 648 regione
2667 563 2933 630 Christi-

626 664 860 728 aniensi
926 666 1086 730 lecta
1155 665 1689 748 verisimiliterque
1757 666 1945 732 latius
2011 666 2359 732 distributa.
2470 667 2542 732 In
2613 667 2840 733 Suecia
2900 689 2935 733 e

630 765 944 849 Lapponia
1010 767 1305 833 Tornensi
1376 768 1771 853 (Enontekis:
1840 768 1900 834 J.
1956 769 2028 833 P.
2083 769 2368 854 Norrlin)
2414 771 2476 835 et
2518 769 2767 835 Lulensi
2812 769 2930 855 (pl.

625 867 774 932 loe:
833 868 1106 953 Helm),
1172 870 1552 937 Jemtlandia
1612 873 1675 936 et
1728 872 2081 958 Herjedalia
2119 872 2413 957 (passimt
2469 870 2531 937 S.
2576 872 2821 956 Almqv.
2871 875 2937 939 et

626 969 905 1054 Helm).
987 970 1343 1038 Dalekarlia
1409 974 1713 1058 (Fahlunt
1792 977 1862 1040 P.
1930 977 2021 1040 De
2088 973 2340 1058 Laval),
2404 973 2937 1041 Westmanlandia

628 1071 864 1157 (Sala),
909 1072 1273 1141 Dalslandia
1317 1076 1721 1162 (Edsleskogz
1766 1079 1828 1144 J.
1875 1078 2206 1161 Hulting)‚
2253 1076 2501 1141 Nericia
2531 1075 2933 1161 (Glansham·

628 1196 792 1241 mar:
847 1175 1124 1260 Hellb.),
1185 1165 1445 1244 Olandia
1490 1179 1891 1265 (Borgholmz
1951 1181 2038 1246 M.
2086 1180 2448 1264 Floderus)‚
2495 1178 2827 1247 Gotlandia
2868 1182 2936 1247 in

626 1280 858 1363 campis
923 1279 1213 1345 calcareis
1281 1281 1510 1365 pluribi
1577 1283 1691 1368 (K.
1758 1282 1820 1349 J.
1893 1284 2230 1362 Lonnroth)
2297 1284 2391 1347 est
2456 1282 2764 1350 adnotata.
2860 1286 2936 1350 In

628 1381 877 1447 Fennia
920 1382 1082 1449 lecta
1131 1384 1229 1449 est
1270 1384 1331 1448 in
1379 1383 1645 1449 Alandia
1688 1385 1791 1469 (Ε.
1836 1385 2043 1471 Nyl.),
2090 1385 2401 1469 Uleaborg
2446 1385 2549 1469 (E.
2595 1384 2808 1470 Nyl.),
2853 1387 2933 1451 ad

624 1484 1018 1568 Kirjavalaks
1084 1488 1148 1553 et
1202 1487 1500 1553 Kivatsoh
1565 1488 1837 1554 Kareliae
1896 1489 2171 1569 (Kullh.)
2229 1506 2300 1554 ac
2357 1488 2674 1553 Kuusamo
2722 1486 2812 1568 (J.
2855 1489 2932 1553 P.

625 1586 942 1672 Norrlin);
987 1588 1051 1653 in
1096 1590 1408 1674 Lapponia
1451 1591 1734 1656 orientali
1779 1590 1863 1675 pl.
1912 1591 2025 1656 loc.
2073 1591 2322 1677 (Fellm.
2371 1590 2650 1675 aliique).

765 1706 958 1763 Planta
992 1709 1099 1765 late
1136 1708 1420 1764 distributa
1454 1711 1512 1764 et
1546 1709 1642 1763 snb
1678 1710 1897 1767 diversis
1933 1709 2317 1766 conditionibus
2353 1710 2535 1780 vigens
2550 1748 2565 1773 ,
2610 1725 2771 1779 quare
2805 1708 2940 1763 adeo

628 1794 863 1864 varians,
917 1798 978 1850 ut
1025 1797 1115 1865 qui
1163 1813 1278 1851 eam
1325 1796 1496 1850 vivam
1541 1811 1643 1849 non
1680 1799 1921 1851 accurate
1955 1796 2337 1861 observaverit,
2374 1796 2550 1867 plures
2585 1795 2738 1850 facile
2773 1794 2944 1864 fingat

626 1882 839 1953 species.
913 1882 1041 1937 Duae
1084 1883 1357 1952 praecipuae
1405 1881 1607 1946 formas,
1658 1881 1844 1936 habitu
1879 1886 1965 1937 sat
2012 1884 2249 1946 diversae,
2298 1883 2552 1952 distingui
2587 1884 2832 1951 possunt:
2877 1883 2940 1948 1)

623 1968 856 2038 granulis
889 1985 941 2023 v.
980 1970 1169 2024 areolis
1204 1970 1260 2024 iu
1294 1971 1522 2023 crustam
1547 1969 1849 2040 contiguam
1873 1959 2155 2037 concretis3
2196 1971 2251 2038 2)
2278 1972 2454 2023 crusta
2476 1968 2645 2038 magis
2669 1967 2936 2030 diffracta,

623 2056 858 2125 granulis
892 2057 1066 2111 minus
1101 2055 1424 2127 applanatis.
1474 2055 1902 2126 conglomeratis,
1953 2058 2008 2111 in
2045 2059 2388 2112 virescentem
2426 2057 2649 2111 colorem
2692 2054 2938 2110 abeunti-

622 2143 736 2198 bus.
806 2143 908 2198 Illa
952 2145 1103 2198 Biat.
1148 2144 1572 2212 Berenqeriana,
1618 2143 1731 2198 haec
1772 2144 1924 2214 (locis
1959 2143 2244 2199 humidulis
2292 2148 2553 2209 crescens)
2596 2144 2667 2197 B.
2702 2142 2941 2196 ”ascella

625 2229 782 2300 vulgo
814 2231 1136 2295 nominatim
1188 2230 1299 2284 sine
1347 2229 1517 2283 limite
1555 2230 1837 2286 confluunt.
1908 2231 2085 2285 Etiam
2123 2230 2514 2300 apotheciorum
2548 2229 2715 2284 colore
2751 2228 2938 2282 obscu-

622 2317 758 2372 riore
796 2334 842 2371 v.
885 2317 1130 2372 dilutiore
1168 2315 1308 2371 haud
1342 2315 1575 2385 paullum
1623 2317 1777 2372 ludit.
1814 2348 1881 2358 —
1916 2316 2156 2373 Verrucae
2204 2316 2468 2372 interdum
2512 2316 2847 2386 planiusculae
2881 2320 2942 2371 et

630 2403 922 2458 crenulato-
981 2420 1029 2456 v.
1084 2403 1765 2475 angulato-subeffiguratae.
1838 2404 2132 2476 Reagentia
2182 2404 2341 2459 solita
2390 2404 2606 2458 insolito
2656 2402 2809 2457 modo
2862 2402 2941 2456 nil

632 2493 857 2545 mutant.
928 2490 1220 2561 Apothecia
1254 2489 1321 2545 ad
1358 2490 1389 2545 1
1425 2508 1546 2546 mm.
1561 2533 1574 2557 ,
1632 2492 1800 2547 rarius
1842 2510 2005 2563 usque
2051 2491 2118 2548 ad
2154 2492 2235 2560 1,5
2274 2508 2397 2547 mm.
2434 2491 2558 2546 lata.
2630 2488 2938 2561 Excipulum

623 2578 938 2649 hypothecio
991 2579 1326 2635 subconcolor
1341 2620 1356 2645 ‚
1404 2583 1551 2634 extus
1597 2579 1858 2650 pallidius.
1932 2579 2316 2650 Hypothecium
2354 2595 2602 2641 crassum.
2647 2577 2852 2632 fuscum
2887 2593 2936 2631 v.

621 2665 1128 2736 fuligineo·fuscum,
1178 2656 1230 2721 K
1271 2666 1357 2720 vix
1392 2669 1670 2720 mutatum.
1742 2665 2069 2738 Paraphyses
2104 2666 2425 2729 incoloratae,
2463 2666 2611 2734 apice
2645 2664 2856 2718 luteolae
2885 2681 2937 2718 v.

623 2751 743 2823 plus
779 2752 951 2805 minus
986 2753 1190 2807 intense
1227 2752 1575 2807 fuscescentes
1611 2769 1658 2806 v.
1695 2751 2352 2823 fuligineo-fuscescentes,
2378 2751 2937 2822 capitato-incrassatae

622 2844 761 2909 (quae
796 2840 1031 2911 capitula
1064 2841 1320 2911 praecipue
1365 2826 1415 2893 K
1449 2838 1630 2893 addito
1666 2839 1932 2911 evidentia
1974 2839 2255 2905 evadunt),
2303 2839 2469 2893 rarius
2506 2837 2798 2893 articulatas
2834 2837 2934 2892 im-

624 2927 801 2981 mixtae
854 2931 911 2983 et
963 2927 1229 2982 interdurn
1281 2925 1543 2997 epithecio
1585 2926 1799 2997 hyalino
1840 2926 1958 2997 plus
2004 2926 2175 2980 minus
2221 2941 2392 2979 crasso
2427 2927 2595 2979 tectae.
2666 2926 2790 2980 Asci
2826 2925 2935 2979 cla-

622 3014 735 3068 vati
787 3030 835 3068 v.
893 3013 1509 3084 subcylindrico·clavati.
1582 3011 1756 3083 Sporae
1800 3013 2034 3084 oblongae
2080 3030 2128 3066 v.
2177 3010 2429 3076 ovoideae,
2474 3013 2771 3081 opos—16
2808 3029 2933 3066 mm.

620 3099 787 3169 longai
842 3102 897 3155 et
948 3102 1208 3163 0‚004—-6
1259 3117 1380 3155 mm.
1426 3116 1623 3154 crassae.
1691 3099 1826 3155 Jodo
1870 3099 2120 3156 distincte
2156 3101 2333 3155 vinoso
2366 3099 2528 3154 rubet.
2599 3084 2650 3152 1’(
2692 3098 2777 3153 vel
2811 3097 2931 3169 NO⁸

618 3187 773 3242 modo
808 3187 1024 3242 seorsim
1059 3186 1398 3242 describendo
1435 3202 1538 3241 non
1572 3190 1821 3243 mutatur.

757 3272 870 3327 obs.
942 3273 1167 3329 Lecidea
1193 3273 1497 3343 suseolutea
1535 3268 1583 3326 δ.
1620 3274 2035 3343 sanquineoatra
2071 3290 2122 3325 a.
2159 3270 2337 3327 Smrft.
2376 3270 2553 3342 Snppl.
2588 3290 2641 3343 p.
2672 3273 2771 3326 167
2799 3289 2930 3343 proe-

620 3361 771 3431 cipue
806 3362 891 3415 est
925 3360 1034 3414 haec
1069 3360 1296 3430 specieS,
1340 3360 1394 3413 in
1432 3358 1573 3414 herb.
1614 3359 1758 3414 illius
1792 3359 2011 3414 fortuito
2046 3359 2299 3414 immixtis
2335 3359 2598 3414 nonnullis
2633 3359 2930 3430 specimini-

616 3446 713 3500 bus
735 3447 965 3501 Buellt‘ae
977 3460 1278 3517 parasemoe
1301 3442 1350 3500 δ.
1374 3459 1673 3499 muscarum
1696 3449 1752 3501 et
1774 3445 2040 3500 Bilimbioe
2059 3446 2362 3502 abactam.
2387 3477 2449 3488 -—-
2469 3444 2577 3501 Cel.
2603 3446 2929 3517 Nylandrum

616 3532 767 3587 Lich.
804 3532 988 3588 Scand.
1027 3532 1438 3588 conscribentem
1473 3530 1540 3584 L.
1576 3533 2027 3601 Bermqerianam
2059 3548 2166 3586 non
2198 3532 2329 3586 satis
2366 3531 2609 3588 habuisse
2634 3533 2926 3604 cognitam.

515 3648 520 3653 ·
617 3620 710 3676 sed
746 3637 862 3675 cum
897 3620 963 3675 L.
1000 3636 1200 3691 cuprea
1234 3619 1621 3674 commiscuisse
1635 3658 1651 3686 ,
1699 3617 1829 3672 alibi
1870 3616 2265 3684 adnotavimus;
2315 3634 2376 3673 ex
2410 3619 2555 3674 herb.
2592 3636 2724 3674 mus.
2761 3619 2928 3675 Fenn.

617 3706 761 3761 illius
796 3707 1081 3776 specimina
1116 3712 1202 3773 (ex
1240 3705 1486 3774 Alandia)
1520 3704 1681 3759 etiam
1718 3702 1785 3758 ad
1820 3708 2052 3758 nostram
2087 3703 2152 3759 L.
2181 3705 2402 3773 fuscam
2436 3706 2614 3760 traxit.
2669 3706 2730 3760 In
2765 3706 2928 3778 Lapp.

616 3809 688 3846 or.
726 3810 777 3863 p.
817 3792 923 3844 144
956 3792 1240 3847 distributa
1276 3795 1358 3848 est
1392 3807 1484 3862 per
1519 3791 1585 3845 L.
1624 3791 1658 3824 *
1676 3790 2126 3859 Βενεηςενίαηατη
2172 3791 2251 3858 (in
2297 3790 2419 3845 Not.
2458 3791 2640 3846 Sausk.
2678 3811 2728 3864 p.
2774 3792 2833 3846 F.
2872 3794 2930 3847 et

615 3878 695 3932 Fl.
730 3878 886 3933 Foth.
920 3878 1054 3932 XIII
1089 3896 1138 3949 p.
1178 3878 1283 3932 334
1316 3894 1410 3948 pro
1444 3879 1656 3949 propria
1690 3878 1863 3949 specie
1899 3877 2184 3943 habitam),
2234 3877 2299 3932 L.
2335 3893 2586 3946 cupream
2608 3881 2687 3963 ‘et
2729 3876 2796 3932 L.
2830 3893 2925 3932 cu-

606 3981 799 4036 pream
831 3981 945 4020 var.
980 3967 1382 4035 capu-efformem
1419 3964 1507 4034 (L.
1543 3965 1810 4020 vernalem
1846 3968 1897 4034 β.
1936 3965 2341 4034 cupreifomem
2363 3962 2421 4019 E.
2450 3963 2571 4033 Nyl.
2596 3964 2681 4017 Al.
2709 3963 2924 4035 Lafveg.

616 4071 665 4123 p.
703 4052 809 4119 90).
881 4052 1004 4107 Hoec
1039 4052 1253 4116 ultima,
1292 4052 1375 4107 cui
1411 4052 1466 4105 in
1502 4052 1661 4109 Flora
1696 4052 1835 4107 1868
1870 4068 1919 4121 p.
1958 4051 2060 4104 347
2097 4050 2415 4121 dignitatem
2449 4049 2742 4121 specificam
2778 4054 2835 4105 et
2870 4051 2924 4106 in

612 4141 737 4195 Not.
774 4138 957 4193 Sallsk.
996 4158 1045 4210 p.
1083 4138 1142 4192 F.
1180 4142 1236 4195 et
1269 4139 1349 4193 ΡΙ.
1386 4138 1448 4192 F.
1485 4138 1642 4195 Foth.
1678 4138 1809 4193 XIII
1857 4156 1906 4209 p.
1959 4138 2064 4192 334
2099 4137 2491 4208 subspecificam
2528 4136 2742 4201 tribuit,
2781 4138 2927 4193 nullo

612 4229 767 4298 pacto
814 4225 993 4281 differt
1038 4226 1138 4280 nisi
1187 4225 1567 4297 paraphysibus
1601 4227 1736 4282 forte
1773 4225 2004 4296 paullulo
2040 4226 2208 4295 magis
2244 4224 2819 4296 capitato-incrassatis.
2858 4252 2925 4263 —

609 4313 676 4368 L.
711 4315 943 4383 cuprina
977 4313 1097 4383 Nyl.
1133 4313 1290 4368 Flora
1324 4312 1462 4366 1865
1497 4331 1545 4383 p.
1583 4313 1622 4366 4
1654 4314 1863 4368 omnino
1898 4314 1982 4367 est
2016 4310 2186 4368 forma
2219 4328 2377 4382 supra
2411 4311 2507 4367 sub
2546 4313 2602 4380 2)
2637 4309 2917 4381 descripta.

609 4400 670 4453 In
707 4400 864 4456 Flora
899 4400 1035 4455 1861
1072 4418 1120 4472 p.
1161 4402 1263 4454 372
1300 4402 1356 4456 et
1390 4399 1574 4455 Scand.
1611 4416 1661 4470 p.
1690 4399 1793 4452 288
1826 4398 1893 4453 L.
1918 4398 2204 4454 mascellam
2239 4397 2417 4452 Smrft.
2456 4396 2672 4452 eandem
2710 4412 2827 4451 esse
2861 4412 2925 4450 ac

609 4487 675 4542 L.
711 4488 1077 4543 maesoezzoidem
1125 4487 1246 4559 Nyl.
1300 4486 1483 4541 Scand.
1538 4504 1588 4556 p.
1637 4487 1741 4540 200
1782 4485 2014 4541 affirmat
2055 4487 2168 4557 ipse
2204 4483 2485 4555 Nylandsr.
2524 4481 2673 4550 Quod
2707 4482 2921 4563 omnino

611 4590 725 4630 esse
760 4591 1028 4630 erroneum
1045 4614 1059 4640 ‚
1096 4575 1344 4632 facillime
1379 4572 1708 4648 perspicitur.
1760 4574 1763 4577 ’
