3177 5011
1311 323 1389 391 21

187 484 284 550 est
329 482 528 561 locis,
574 483 647 549 ut
690 483 879 551 etism
921 500 1172 570 perrara
1215 481 1280 548 in
1334 477 1669 550 Gotlandis
1723 479 1889 569 (par.
1935 478 2247 565 Ahlskog:
2310 480 2514 546 Loun-

187 589 366 674 roth)
414 590 479 653 et
523 588 747 671 fagetis
795 587 1027 655 Scaniae
1082 587 1217 672 (Fr.
1264 586 1359 653 Fl.
1409 585 1639 670 Scan.)
1730 586 2042 650 Praeterea
2103 603 2213 668 per
2274 583 2517 649 Norve-

181 694 312 775 ρέα)
356 691 554 756 valles
594 705 783 777 usque
820 693 885 757 in
918 690 1363 763 Nordlandiam
1399 689 1682 775 (Smrft.)
1722 691 1785 754 et
1813 708 1923 773 per
1969 689 2282 754 Fenm'am
2327 708 2517 773 usque

188 796 252 861 in
284 796 482 880 Lapp.
515 796 808 861 Kemens.
834 795 997 861 etad
1027 795 1199 860 Mare
1232 794 1444 864 album
1474 794 1755 880 (Knasaz
1790 792 2068 878 Fellm.)‚
2100 792 2351 858 boream
2379 811 2516 857 ver-

187 919 296 963 sus
340 901 549 964 tamen
595 899 925 964 admodum
969 917 1302 963 rarescens,
1392 895 1645 962 Fertilis
1685 896 1935 961 inventa
1976 896 2042 960 in
2093 895 2267 960 silvis
2313 894 2516 959 densi-

186 1002 404 1067 oribus
470 1022 528 1067 v.
589 1021 641 1067 c.
699 1003 777 1068 ad
844 1001 1133 1069 Svinhult
1197 1000 1615 1085 Ostrogothiae
1681 1000 1817 1086 (Hj.
1875 999 2280 1085 Widegren),
2348 998 2521 1064 Rada

184 1103 636 1170 Wermlandiae
706 1106 810 1192 (P.
869 1105 935 1172 O.
987 1104 1293 1190 Afzelius)
1313 1151 1329 1180 ‚
1410 1103 1640 1188 Almby
1706 1104 1770 1168 et
1833 1100 2188 1168 Svennevad
2252 1099 2519 1167 Nericiae

185 1207 509 1293 (Helm),
568 1207 738 1275 Gefie
794 1208 1241 1297 (Thedenius),
1300 1195 1748 1273 Ornskoldsvik
1817 1206 1953 1293 (bb.
2013 1204 2291 1290 Stenh.),
2353 1206 2519 1271 Ren-

183 1311 395 1397 fiallet
431 1311 828 1378 Jemtlandiae
873 1313 982 1399 (G.
1030 1311 1383 1397 Thorsell),
1427 1310 1891 1393 Bogstadassen
1935 1329 2028 1394 pr.
2077 1307 2519 1374 Christianiam

185 1415 472 1499 copiose,
541 1413 1094 1482 Gudbrandsdalen
1160 1414 1295 1500 (hb.
1350 1413 1598 1499 myst),
1645 1414 1806 1478 inter
1872 1412 2106 1497 Storsjo
2176 1414 2239 1478 et
2302 1413 2522 1478 Losset

184 1506 558 1584 Osterdaliae
604 1517 961 1603 (Hellbom)
1009 1519 1193 1603 atque
1236 1518 1301 1582 in
1346 1515 1809 1601 Tryssildsfjeld
1843 1516 2115 1599 Norveg.
2147 1515 2519 1581 meridiona-

183 1621 273 1686 lis
319 1620 728 1708 (Kindberg).
817 1620 891 1684 ln
935 1618 1162 1685 Dania
1206 1619 1376 1685 nulls
1418 1619 1599 1704 hujus
1643 1619 1869 1703 speciei
1913 1618 2111 1686 forma
2154 1619 2345 1685 adest.

334 1740 555 1795 Formas
589 1740 698 1795 illis
740 1738 923 1794 Umeae
956 1739 1190 1796 barbatoe
1224 1739 1473 1810 analogas
1508 1738 1709 1810 proebet
1744 1738 1855 1793 haec
1879 1738 2104 1809 species,
2131 1738 2319 1794 habitu
2343 1740 2521 1792 tamen

184 1828 362 1883 etiam
404 1827 575 1896 magis
620 1825 941 1882 differentes.
1014 1825 1280 1898 Praecipue
1327 1848 1380 1881 α.
1419 1829 1475 1882 et
1508 1848 1556 1898 y.
1606 1825 1759 1881 valde
1805 1825 2112 1890 dissimiles,
2161 1824 2254 1880 sed
2287 1842 2381 1896 per
2415 1824 2521 1879 for-

185 1931 335 1969 mam
370 1918 425 1984 β.
466 1915 678 1969 omniuo
714 1917 1118 1979 connectuntur,
1157 1918 1219 1968 ut
1254 1916 1431 1968 utrum
1467 1913 1590 1968 huic
1626 1929 1694 1967 an
1728 1913 1811 1968 illi
1836 1919 1891 1984 β.
1911 1915 2219 1968 α’ποόηηαεα
2245 1912 2416 1982 magis
2451 1912 2524 1966 sit

185 2002 395 2065 affinis,
443 2006 528 2055 sat
576 2002 650 2055 sit
693 2001 935 2065 dubium,
979 2001 1273 2072 proesertim
1316 2017 1475 2071 quum
1521 2001 1759 2071 apicibus
1793 2000 2176 2071 nigricantibus
2211 2000 2432 2071 praedita
2466 1999 2524 2053 in
2620 2003 2636 2021 ³

186 2088 425 2158 scopulis
459 2087 796 2142 Nordlandioe
832 2087 1089 2143 Saltensis
1124 2085 1355 2158 (Smrft.)
1376 2088 1464 2151 *sit
1486 2087 1645 2143 lecta.
1718 2088 1858 2143 Vera
1881 2103 2086 2158 quoque
2120 2106 2169 2157 y.
2194 2092 2526 2141 samentosa

186 2175 432 2247 apicibus
485 2175 670 2231 eodem
723 2174 878 2229 modo
931 2174 1178 2229 eoloratis
1220 2174 1277 2228 in
1319 2175 1527 2244 alpibns
1573 2173 1758 2229 Galliae
1802 2177 1885 2229 est
1917 2175 2135 2230 inventa
2168 2173 2349 2245 (Flora
2383 2173 2523 2227 1861

185 2282 243 2334 p.
284 2263 432 2332 410).
504 2262 774 2332 Insignem
807 2260 1054 2324 formam,
1092 2261 1234 2316 inter
1272 2281 1324 2315 α.
1364 2266 1420 2317 et
1453 2267 1507 2333 β.
1538 2263 1787 2327 mediam,
1829 2278 1988 2333 prope
2026 2259 2319 2316 Gibbostad
2351 2259 2523 2316 Nord-

186 2349 383 2404 landiae
418 2349 625 2402 invenit
657 2348 856 2403 amicus
889 2347 941 2402 J.
979 2347 1053 2402 M.
1089 2346 1341 2403 Norman.

334 2436 528 2491 Forma
563 2435 813 2507 primaria
848 2435 1036 2489 densos
1072 2433 1266 2489 format
1301 2436 1539 2507 cespites
1552 2476 1565 2499 ,
1606 2451 1741 2507 saepe
1777 2451 2116 2505 permagnos,
2154 2452 2317 2505 nsque
2351 2433 2420 2488 ad
2454 2433 2525 2487 10

187 2543 293 2580 cm.
332 2525 492 2579 altos.
564 2523 801 2577 Primum
833 2539 937 2577 uno
972 2525 1167 2593 puncto
1203 2521 1384 2586 affixa,
1423 2523 1544 2577 dein
1580 2524 1792 2578 omnino
1829 2540 1861 2578 a
1896 2524 2163 2579 substrato
2199 2524 2367 2579 libera
2402 2540 2524 2578 eva-

187 2612 291 2667 dit.
363 2611 493 2664 Axis
526 2609 807 2680 primarius
843 2610 982 2664 circa
1017 2610 1155 2663 1-2
1192 2627 1318 2664 mm.
1355 2626 1585 2672 crassus,
1633 2610 2033 2675 teretiusculus,
2071 2611 2281 2665 demum
2317 2609 2522 2665 fistulo-

186 2715 303 2761 suS,
360 2697 509 2751 levis
563 2696 647 2751 vel
694 2698 890 2767 passim
942 2697 1188 2751 lacunose
1241 2698 1549 2767 impressus,
1598 2696 1866 2768 epithallo.
1899 2697 2204 2753 dehiscente
2240 2699 2364 2752 hinc
2402 2697 2523 2752 iude

187 2785 404 2857 punctis
441 2783 635 2838 albidis
670 2783 910 2838 rotundis
944 2783 981 2838 l.
1019 2783 1281 2854 elongatis
1316 2786 1549 2838 notatus.
1621 2784 1778 2838 Rami
1814 2782 2119 2848 divaricati,
2165 2784 2296 2839 locis
2331 2785 2525 2855 apricis

189 2874 390 2944 maJore
427 2874 581 2943 parte
618 2871 956 2940 nigricantes.
1030 2871 1324 2941 Apothecia
1358 2871 1628 2936 lateralia,
1666 2873 1771 2927 etsi
1814 2888 1959 2926 ramo
1995 2870 2192 2926 deflexo
2227 2871 2528 2927 terminalia

188 2950 476 3031 apparent,
514 2958 685 3029 primo
721 2956 1084 3013 suburceolata
1120 2961 1177 3013 et
1211 2960 1445 3029 margine
1483 2959 1632 3015 tenui
1667 2958 1855 3015 inflexo
1880 2960 2077 3022 cincta,
2104 2959 2227 3014 dein
2250 2959 2528 3029 explanata

190 3047 426 3118 repanda
463 3045 699 3115 margine
736 3045 1058 3099 subexcluso.
1132 3046 1258 3100 Asci
1294 3045 1613 3112 subclavati3
1653 3064 1816 3118 sporae
1855 3046 2020 3110 2-4,
2048 3045 2390 3117 ellipsoideae,
2417 3045 2526 3101 late

188 3134 455 3196 limbatae,
493 3132 704 3188 demum
742 3132 925 3196 fuscus,
963 3133 1263 3194 0,028—⁴2
1291 3149 1416 3186 mm.
1457 3133 1627 3204 longae
1663 3137 1719 3189 et
1753 3135 2052 3197 O‚014-24
2080 3150 2205 3186 mm.
2234 3150 2435 3188 crassae.
2463 3163 2521 3171 —

189 3223 315 3276 Var.
355 3227 411 3291 β.
462 3219 631 3273 thallo
675 3217 894 3289 praedita
947 3220 1031 3272 est
1085 3219 1256 3288 magis
1311 3219 1583 3290 elongato,
1637 3223 1834 3293 passim
1891 3220 2204 3275 difformiter
2238 3221 2528 3275 incrassato
2599 3268 2611 3279 ,

190 3312 356 3379 (3—5
394 3309 549 3376 mm.)
586 3310 641 3360 et
675 3306 816 3361 haud
852 3323 970 3361 raro
1007 3306 1353 3360 excrescentis
1390 3307 1579 3378 amplis
1617 3308 1896 3363 foveolatis
1931 3307 2397 3376 scrobiculatisque
2434 3305 2526 3359 ob-

190 3398 313 3451 sito.
357 3427 419 3435 -
461 3395 585 3448 Var.
620 3415 669 3465 y.
709 3393 921 3448 demum
967 3392 1354 3463 longitudinem
1387 3393 1423 3466 -ξ-
1460 3398 1615 3450 metr.
1653 3395 1795 3450 hand
1840 3412 1958 3449 raro
1993 3395 2239 3465 attingit,
2277 3394 2525 3459 0,4-1,5

189 3502 319 3539 mm.
369 3485 497 3538 circ.
545 3498 749 3536 crassus
794 3480 879 3536 vel
923 3482 1085 3536 etiam
1138 3480 1363 3535 tenuior.
1439 3481 1645 3552 (Qualis
1691 3487 1774 3539 est
1827 3484 2099 3539 Alectoaew
2134 3482 2358 3537 crinalis
2392 3480 2525 3536 Ach.

190 3572 351 3626 Univ.
390 3587 447 3640 p.
487 3568 616 3632 594,
654 3569 777 3623 Vct.
816 3568 916 3622 Ak.
954 3567 1148 3622 Haudl.
1188 3567 1323 3622 1811
1361 3586 1415 3639 p.
1453 3570 1580 3634 106,
1620 3571 1742 3641 Syn.
1782 3590 1833 3642 p.
1875 3572 2002 3635 292,
2041 3569 2202 3625 Korb.
2239 3569 2362 3623 Par.
2392 3586 2444 3638 p.
2467 3569 2525 3633 53

189 3658 438 3713 Εοεπιία
485 3655 794 3709 ochroleuca
839 3655 892 3709 d.
930 3655 1154 3709 crinalis
1197 3654 1286 3709 Fr.
1326 3655 1385 3710 L.
1421 3656 1483 3712 E.
1522 3676 1574 3729 p.
1615 3660 1708 3723 22,
1758 3657 1926 3713 colore
1963 3656 2239 3729 pallidiore
2276 3659 2530 3727 praeterea

190 3744 348 3798 modo
383 3742 650 3797 recedens.
724 3741 949 3806 Caveas,
997 3759 1061 3797 ne
1106 3741 1240 3796 hanc
1287 3759 1405 3797 cum
1451 3745 1593 3799 socia
1641 3745 1710 3799 Α.
1737 3745 1938 3814 jubam
1984 3762 2092 3798 var.
2139 3761 2278 3798 cana
2316 3742 2526 3798 confun-

191 3833 358 3901 das!).
435 3829 591 3884 Rami
627 3827 1260 3895 &varicato-dichotom,
1300 3832 1443 3886 varie
1480 3830 1695 3885 flexuosi
1733 3832 2098 3901 intricatique3
2137 3832 2413 3885 crassiores
2448 3830 2530 3883 in-

188 3917 404 3973 terdum
456 3914 1000 3970 lacunoso-foveolati.
1074 3914 1305 3972 Sorediis
1359 3919 1492 3973 albis
1544 3919 1926 3990 pulverulentis
1980 3918 2230 3989 adspersa
2276 3935 2378 3972 non
2427 3918 2531 3971 nisi

190 4022 309 4060 raro
347 4004 506 4058 obvia
541 4002 913 4073 (christianiae
959 4003 1114 4073 ipse).
1202 4005 1499 4076 Apothecia
1542 4007 1747 4060 minora
1791 4005 1974 4076 (diam.
2014 4006 2154 4060 2-4
2187 4022 2313 4060 mm.
2353 4006 2528 4079 circ),

191 4094 465 4155 tenuiora,
504 4107 661 4160 quam
697 4089 877 4144 formae
914 4110 996 4155 α.;
1039 4093 1218 4161 partes
1252 4093 1472 4147 internae
1508 4110 1612 4148 non
1648 4093 1917 4149 differunt.

334 4198 451 4253 obs.
524 4196 587 4249 In
624 4195 754 4249 duas
789 4194 1070 4250 distinctas
1104 4196 1305 4267 species
1342 4195 1453 4252 Cel.
1491 4198 1762 4268 Nylander
1795 4198 1977 4269 (Flora
2001 4198 2139 4251 1869
2164 4214 2215 4267 p.
2244 4196 2371 4266 444)
2397 4195 2529 4249 hanc

193 4286 363 4340 denuo
410 4281 631 4338 dividit:
687 4284 757 4336 A.
797 4283 1159 4337 ockroleucam
1203 4286 1260 4338 et
1304 4285 1376 4338 A.
1414 4292 1798 4341 sarmentosam
1843 4286 1952 4355 (cui
1987 4284 2355 4340 adscribuntur
2392 4298 2527 4335 varr.

193 4372 421 4428 crinalis
466 4373 524 4424 et
568 4371 913 4439 cincinnum).
985 4369 1147 4438 Cujus
1192 4371 1467 4426 divisionis
1511 4374 1649 4427 ratio
1693 4373 1747 4426 in
1793 4388 1853 4425 eo
1900 4375 1984 4426 est
2019 4370 2320 4441 quaerenda,
2359 4369 2526 4437 quod,

195 4465 253 4514 ut
288 4460 382 4515 ille
419 4461 605 4513 auctor
642 4455 898 4518 affirmat,
936 4455 1082 4510 illius
1116 4458 1316 4512 thallus
1350 4477 1517 4530 neque
1554 4460 1778 4530 hydrate
1814 4459 1986 4514 kalico
2021 4475 2189 4527 neque
2226 4456 2412 4510 deinde
2437 4455 2530 4509 ad-

192 4548 303 4604 (lito
342 4546 714 4620 hypochlorite
752 4543 947 4598 calcico
982 4542 1139 4599 aliter
1175 4549 1437 4604 coloratur
1473 4549 1534 4617 (i.
1562 4564 1610 4604 e.
1649 4547 1735 4603 ”K
1757 4567 1853 4614 =,
1892 4546 2009 4604 Call
2031 4546 2189 4618 ==”)‚
2228 4544 2383 4615 hujus
2409 4561 2531 4600 vero
