3177 5011
1784 316 1907 383 550

677 469 796 539 Syn.
845 487 893 540 p.
947 469 1039 535 14)
1096 468 1373 539 primaria,
1429 486 1461 523 a
1505 467 1775 542 Westring
1819 471 1987 539 lecta,
2035 471 2118 526 vix
2155 470 2311 528 dubie
2348 474 2430 527 est
2466 477 2647 529 nostra
2683 496 2771 538 οι,
2812 474 2934 530 etsi
2971 474 3032 531 in

679 557 821 611 herb.
863 557 989 610 Ach.
1027 572 1164 611 nunc
1200 573 1303 611 non
1339 556 1490 612 adest
1526 559 1605 612 ita
1640 559 1925 613 nominata.
1995 558 2076 611 Ibi
2114 559 2210 614 sub
2245 561 2344 615 hoc
2380 562 2587 617 nomine
2622 579 2767 617 nunc
2804 563 3033 617 inveni·

677 649 764 697 tur
817 643 1033 698 miscela
1083 646 1146 700 L.
1201 646 1537 699 enterolewcae
1594 650 1676 715 52,
1738 660 2124 715 macrocarpoe,
2187 648 2219 681 ²*
2242 648 2488 715 lapim'dae
2539 652 2598 704 et
2649 652 3031 719 amulam,

677 732 909 786 Buellt'ae
959 731 1195 785 ocellatoe
1248 736 1304 786 et
1354 733 1679 801 leptoclines,
1728 731 2052 801 Rhizocarffl
2084 735 2351 789 obscurati
2387 736 2555 790 lavati
2585 740 2643 790 et
2678 738 2935 792 calcar-ei
2967 743 3028 808 β.

676 819 990 873 comentrici
1021 821 1120 871 cet.
1163 846 1228 857 —-
1264 818 1332 871 L.
1368 819 1725 873 sabuletorum
1762 841 1808 891 γ.
1846 821 2110 888 capharea
2143 822 2274 875 Ach.
2312 821 2433 890 Syn.
2473 839 2522 892 p.
2562 824 2632 877 20
2667 828 2873 895 praeter
2900 843 3028 895 spe·

680 907 873 960 cimina
916 903 1195 974 originalia
1241 904 1534 959 Florkeana
1569 907 1785 977 respicit
1819 907 2013 961 formas
2050 908 2281 963 Ruelliae
2315 924 2644 976 para-sema»,
2700 911 3030 969 Catillum

678 995 966 1057 tric-oloris,
1021 992 1200 1045 Aeolii
1249 994 1565 1061 wpanelli
1616 997 1947 1064 crustamque
1996 996 2254 1058 sterilem,
2302 1012 2554 1059 crassam.
2606 995 2990 1068 subleprosam
3012 1039 3027 1059 .

679 1080 1323 1135 virenti-cinerascentem.
1381 1109 1443 1118 —
1502 1079 1583 1133 L.·
1615 1080 1802 1135 dolosa
1856 1083 2105 1151 primaria
2150 1081 2253 1146 (’'in
2300 1083 2494 1136 cortice
2531 1083 2793 1152 Abietis”)
2841 1088 2941 1138 est
2978 1106 3029 1137 a.

677 1184 834 1238 supra.
882 1166 1171 1235 descripta,
1228 1163 1319 1218 sed
1367 1164 1422 1217 in
1459 1165 1624 1219 Meth.
1663 1185 1779 1222 cum
1817 1170 1915 1223 hac
1952 1169 2165 1223 confusa
2198 1170 2282 1222 est
2317 1167 2381 1220 L.
2421 1167 2609 1221 dolosa
2642 1174 2694 1238 β.
2730 1169 3025 1225 robur-nm

679 1257 796 1310 Vet.
834 1254 929 1308 Ak.
968 1251 1155 1306 Handl.
1196 1251 1337 1304 1808
1375 1270 1422 1322 p.
1462 1255 1593 1317 262,
1643 1255 1798 1309 Univ.
1848 1274 1897 1327 p.
1938 1256 2065 1319 181,
2116 1270 2227 1323 quae
2264 1270 2325 1307 ex
2363 1254 2504 1307 herb.
2542 1255 2671 1309 Ach.
2712 1259 3029 1327 composita

680 1347 763 1398 est
798 1359 827 1396 e
864 1341 1037 1410 Bysso
1071 1337 1287 1393 mbenoe
1321 1338 1380 1391 L.
1417 1344 1474 1394 et
1509 1342 1803 1411 apotheciis
1839 1342 2093 1396 immixtis
2122 1339 2396 1395 Arthomoe
2435 1340 2626 1396 lut-idm
2660 1342 2916 1413 aliusque
2958 1345 3027 1397 li·

681 1428 859 1484 chenis
895 1426 960 1480 ob
997 1441 1264 1495 sporarum
1304 1425 1566 1481 defectum
1616 1445 1718 1483 non
1765 1428 2164 1484 determinandi.
2237 1426 2610 1482 Verisimiliter
2644 1434 2767 1498 post
2804 1430 3023 1485 editam

680 1515 935 1585 Synopsin
972 1515 1028 1567 in
1064 1512 1207 1567 herb.
1248 1512 1376 1566 Ach.
1414 1515 1666 1584 adjuncta
1710 1519 1834 1569 sunt
1881 1517 2167 1587 specimina
2212 1512 2509 1568 Catillart‘ae
2538 1516 2858 1586 ylobuzasoe,
2905 1520 3024 1572 Ba-

680 1602 832 1656 cidioe
865 1602 1168 1668 ewomptae,
1207 1600 1444 1655 Lecideoe
1471 1603 1664 1670 fuscae.

822 1724 934 1778 obs.
970 1723 1019 1777 3.
1091 1719 1377 1790 Sequentia
1429 1724 1641 1778 nomina.
1686 1724 1978 1778 Achariana
2024 1721 2077 1774 h.
2124 1719 2161 1773 1.
2202 1722 2361 1775 etiam
2400 1725 2523 1775 sunt
2560 1722 2912 1777 recensenda:
2958 1726 3022 1777 L.

672 1826 965 1882 parasema
1003 1806 1051 1862 δ.
1089 1809 1346 1877 ηιφιῑοεα
1383 1810 1499 1864 Vet.
1537 1812 1632 1864 Ak.
1672 1810 1859 1865 Handl.
1903 1810 2039 1862 1808
2074 1825 2124 1877 p.
2163 1808 2289 1871 260,
2340 1808 2491 1863 Univ.
2531 1827 2577 1879 p.
2620 1810 2752 1877 176,
2790 1809 2926 1880 Syn.
2969 1829 3021 1881 p.

684 1901 750 1953 18
795 1898 1051 1969 praecipue
1101 1898 1394 1965 composita
1439 1902 1521 1951 est
1564 1914 1594 1951 e
1644 1899 1802 1952 variis
1837 1896 1903 1951 L.
1941 1894 2288 1950 ezaeochromoe
2323 1895 2504 1949 formis
2539 1850 2805 1951 corticolis
2842 1898 3018 1968 ligni·

680 1987 910 2055 colisque
946 1986 1145 2053 (crusta
1181 1969 1255 2036 Ca
1276 1970 1338 2037 (31
1368 1997 1414 2043 ÷
1446 1990 1501 2038 et
1537 1972 1613 2041 Ca
1631 1972 1694 2039 ‹31
1715 1990 1805 2051 -)
1856 1986 2032 2038 crusta
2079 1984 2297 2036 rimoso·
2301 2000 2489 2052 rugosa
2532 1983 2839 2053 granulata,
2879 2002 3016 2055 apo-

680 2073 870 2127 theciis
908 2070 1115 2124 demum
1152 2072 1392 2125 convexis
1425 2071 1905 2127 subconfluentibus
1940 2068 2460 2138 conglomeratisque.
2520 2068 2717 2134 Quibus
2742 2070 3017 2138 adjunctae

680 2164 804 2213 sunt
847 2159 1025 2213 formae
1069 2156 1299 2212 Buenz'ae
1325 2176 1629 2237 paq-asemas
1666 2162 1723 2212 et
1757 2158 2040 2221 alboatroe,
2093 2155 2334 2210 Bacidt'ae
2369 2158 2666 2226 ἱπεοτηρίιε,
2706 2156 3018 2213 Catillan'ae

682 2247 1044 2302 tricolorzze.-
1067 2245 1125 2296 L.
1166 2246 1382 2314 coniops
1416 2254 1471 2318 β.
1509 2252 1723 2315 (equata
1757 2244 1921 2300 Univs
1949 2263 1998 2315 p.
2037 2244 2165 2305 171,
2216 2244 2270 2296 in
2308 2244 2429 2312 Syn.
2470 2261 2519 2313 p.
2560 2245 2626 2297 13
2662 2244 2729 2298 ad
2766 2247 2827 2296 L.
2871 2246 3015 2314 lapi-

680 2336 854 2389 cidam
896 2354 945 2386 α.
986 2331 1175 2391 relata,
1217 2347 1319 2384 non
1355 2336 1438 2385 est
1472 2355 1516 2404 y.
1554 2339 1767 2403 (equata
1803 2348 1960 2402 supra
1994 2331 2186 2396 allata,
2222 2329 2321 2383 sed
2351 2347 2450 2384 sec.
2486 2330 2627 2384 herb.
2670 2330 2797 2384 Ach.
2835 2331 3013 2385 Betw-

681 2424 812 2476 dina
847 2420 1126 2474 maturina.
1199 2416 1280 2470 Ibi
1319 2422 1495 2474 tamen
1531 2421 1725 2474 adsunt
1762 2420 1914 2474 modo
1944 2417 2229 2489 specimina
2252 2416 2541 2481 helvetica3
2579 2415 2798 2486 gallica,
2839 2420 3010 2474 etiam

681 2512 735 2563 in
772 2509 924 2563 Univ.
964 2508 1156 2565 citata,
1196 2503 1401 2558 desunt.
1446 2537 1507 2546 --
1547 2509 1608 2559 L.
1647 2507 1929 2561 Dicksonii
1961 2528 2006 2577 y.
2044 2505 2311 2559 minutula
2347 2504 2500 2560 Univ.
2538 2522 2586 2574 p.
2625 2504 2758 2572 670,
2795 2505 2855 2559 in
2881 2505 3010 2576 Syn,

682 2614 731 2666 p.
770 2596 872 2648 337
911 2593 978 2647 ad
1014 2592 1080 2645 L.
1122 2591 1408 2658 lapicidam
1446 2599 1496 2664 β.
1536 2594 1871 2647 mantia-Mam
1906 2592 2166 2661 relegata.
2206 2596 2289 2645 est
2318 2595 2378 2644 L.
2405 2591 2740 2646 elaeochroma
2774 2594 3013 2648 saxicola

675 2680 958 2750 juvenilis,
1007 2680 1183 2732 crusta
1223 2681 1368 2732 tenui
1407 2680 1462 2732 in
1499 2680 1707 2733 sordide
1745 2680 2101 2749 ferrugineum
2139 2681 2413 2748 vergente,
2460 2674 2750 2750 apotheciis
2787 2681 3013 2736 minutis

551 2789 574 2808 κ
678 2773 804 2838 (non
843 2767 1118 2832 evolutis),
1161 2766 1540 2835 pamphysibus
1576 2768 1723 2836 apice
1761 2766 2415 2835 violaceo-nigricantibus.
2461 2796 2519 2804 „-
2560 2764 2626 2818 L.
2663 2771 2806 2819 tersa
2846 2766 3009 2820 Univ.

683 2876 729 2927 p.
769 2856 898 2918 182,
938 2854 1056 2921 Syn.
1095 2869 1144 2920 p.
1187 2852 1253 2901 27
1292 2869 1320 2904 e
1357 2852 1575 2906 Lusatia
1621 2856 1675 2908 in
1724 2856 1857 2908 Pinu
1895 2855 2057 2907 Picea
2092 2856 2174 2906 est
2212 2855 2271 2904 L.
2309 2852 2647 2906 eloeochroma
2682 2852 3005 2921 hypothecio

682 2943 994 3003 incoloratO,
1051 2937 1430 3010 paraphysibus
1476 2941 1677 3009 apicem
1726 2959 1905 2996 versus
1942 2941 2109 2994 dilute
2147 2937 3004 3009 fuligineo-olivaceiS,·epithecio

681 3029 971 3101 granuloso.
1043 3027 1237 3079 Postea
1273 3025 1394 3079 huic
1430 3027 1679 3096 adjuncta.
1716 3028 1938 3082 Buellae‘a
1967 3044 2260 3094 paras-ema
2296 3043 2323 3080 e
2357 3025 2725 3079 Suecia.—L.
2753 3027 3004 3080 immersa

681 3124 732 3190 β.
773 3114 1185 3184 atrosanyuinea
1240 3111 1358 3181 Syn.
1416 3131 1462 3183 p.
1522 3115 1590 3165 28
1644 3132 1743 3168 sec.
1798 3113 1942 3168 herb.
1989 3114 2115 3167 Ach.
2169 3117 2252 3167 est
2300 3115 2359 3166 L.
2401 3111 2739 3167 elaeochroma
2776 3112 3003 3166 saxicola

683 3203 973 3274 apotheciis
1012 3198 1325 3263 minoribus,
1385 3200 1623 3256 morbose
1672 3202 1900 3270 rugosi3‚
1940 3199 2083 3252 disco
2119 3199 2333 3253 humido
2370 3199 2784 3269 atrosanguineo.
2860 3199 3000 3253 Num

682 3293 848 3345 forma.
885 3288 1174 3342 Florkeana
1211 3287 1282 3340 sit
1318 3286 1528 3351 eadem,
1578 3290 1857 3342 nescimus.
1905 3290 1970 3341 L.
2002 3302 2292 3356 parasema
2319 3284 2365 3339 ὃ.
2393 3287 2807 3355 αἰνοεαηφιίηεα
2833 3287 2995 3341 Meth.

680 3395 730 3447 p.
780 3378 848 3429 36
894 3374 1122 3443 respexit
1175 3377 1380 3427 tantum
1444 3374 1821 3430 Verrucariam
1866 3374 2332 3442 atrosanyuz'neam
2368 3372 2587 3435 Hoffm„
2626 3373 2691 3426 ab
2729 3374 2856 3427 Ach.
2895 3391 2997 3428 non

683 3463 861 3515 visam.
902 3493 965 3500 —
1003 3464 1067 3514 L.
1103 3462 1379 3529 stiglmatea
1416 3481 1464 3514 a.
1503 3462 1659 3516 Univ.
1710 3481 1759 3533 p.
1808 3462 1939 3524 161,
1998 3459 2116 3529 Syn.
2155 3476 2203 3528 p.
2245 3460 2310 3512 15
2349 3460 2509 3513 etiam
2548 3479 2594 3530 p.
2633 3478 2683 3530 p.
2723 3464 2806 3514 est
2841 3461 2996 3529 hujus

681 3551 795 3603 loci.
871 3549 914 3601 E
959 3549 1216 3618 quinque,
1274 3565 1386 3616 quae
1439 3549 1497 3602 in
1544 3549 1689 3603 herb.
1738 3550 1865 3603 Ach.
1899 3548 2010 3617 jam
2048 3548 2272 3607 restant,
2325 3546 2718 3614 speciminibus,
2757 3550 2994 3602 omnibus

581 3690 587 3696 ,
681 3638 735 3690 in
773 3637 1017 3691 Helvetia
1051 3652 1083 3688 a
1118 3634 1446 3689 Schleichero
1501 3637 1681 3702 lecti8‚
1736 3653 1897 3690 unum
1955 3638 2037 3688 est
2084 3635 2263 3685 nostra
2306 3632 2374 3685 L.
2411 3632 2442 3666 ⁴*
2461 3635 2785 3699 crustulam,
2823 3641 2996 3690 cetera

682 3725 858 3778 omnia
903 3724 1087 3788 (etiam
1123 3721 1283 3782 illud,
1335 3724 1418 3777 cui
1463 3724 1560 3777 cel.
1600 3724 1867 3795 Nylander
1903 3714 2184 3790 adscripsit
2232 3719 2327 3773 ’'L.
2368 3723 2837 3792 at7·osan9uined”)
2874 3728 2995 3777 sunt

682 3814 745 3865 L.
792 3807 1134 3865 elaeochromae
1192 3808 1369 3862 formae
1427 3811 1680 3864 saxicolae.
1734 3841 1789 3849 -—
1833 3811 1895 3861 L.
1932 3809 2208 3876 stiymatea
2245 3813 2295 3878 β.
2334 3807 2485 3860 meda
2523 3807 2675 3861 Univ.
2713 3827 2761 3879 p.
2802 3811 2905 3863 670
2939 3812 2989 3864 in

683 3898 824 3954 herb.
862 3897 987 3951 Ach.
1028 3896 1204 3958 deest,
1252 3896 1305 3949 in
1341 3895 1485 3949 herb.
1523 3896 1817 3951 Holmiensi
1854 3894 2019 3949 adest.
2091 3894 2189 3948 Est
2224 3899 2275 3964 β.
2305 3895 2570 3962 pilulcm‘s
2605 3891 2781 3950 crusta]
2806 3915 2987 3952 rna-cra.

583 3989 586 3994 “
686 4018 744 4025 -
786 3982 1016 4053 Sagyedia
1063 3983 1422 4050 protuberans·
1473 3989 1523 4054 β.
1583 3985 1838 4038 lecicleina
1890 3981 2040 4035 Univ.
2089 3999 2138 4051 p.
2188 3980 2292 4032 328
2329 3985 2411 4034 est
2448 3980 2628 4035 eadem
2665 3988 2716 4052 β.
2756 3984 2989 4053 plurimis

682 4073 840 4126 discis
876 4071 1083 4140 elapsis

820 4193 934 4248 obs.
969 4193 1018 4245 4.
1091 4191 1173 4245 Ad
1227 4194 1585 4261 synonymiam
1640 4191 1995 4262 explicandam
2044 4190 2152 4243 haec
2199 4191 2408 4260 insuper
2443 4190 2730 4244 afferenda:
2768 4193 2989 4246 Lecidea

680 4282 1018 4335 elceoch-roma
1071 4300 1120 4330 α.
1176 4277 1358 4332 Smrft.
1411 4280 1586 4349 Suppl.
1647 4284 1732 4334 est
1778 4284 1959 4333 nostra
2017 4281 2062 4342 ζ.
2113 4277 2377 4340 (immixta
2421 4278 2643 4332 Buellia
2678 4279 2710 4312 *
2731 4278 2988 4347 tn'phray·

683 4369 905 4432 mioide).
979 4367 1082 4420 Sub
1119 4372 1168 4436 β,
1212 4367 1416 4419 αεΙιαιζςεα
1453 4388 1502 4418 α.
1543 4372 1599 4419 in
1636 4367 1777 4420 herb.
1825 4366 2006 4420 Smrst.
2046 4371 2225 4418 nostra
2264 4368 2309 4428 ζ.
2348 4368 2405 4417 et
2440 4366 2660 4418 BuelIia
2701 4383 2988 4433 parasmna

679 4456 852 4507 mixtoe
877 4459 1024 4517 sunt;
1066 4453 1160 4506 sub
1186 4473 1232 4522 y.
1262 4453 1449 4506 dolosa
1486 4454 1707 4507 Bzcellia
1744 4455 2081 4522 myrioccerpa
2127 4455 2181 4504 et
2218 4453 2451 4505 Bacidicae
2487 4453 2748 4506 umbram.
2804 4454 2864 4504 L.
2904 4469 2987 4506 eu-

669 4543 874 4609 phorm
910 4541 1089 4595 Suu-ft.
1131 4541 1306 4610 Suppl.
1348 4559 1395 4610 p.
1441 4541 1537 4592 156
1574 4544 1657 4593 est
1694 4541 1911 4594 Ruellia
1950 4542 2299 4609 mym'ocarpa.
2345 4572 2400 4581 -
2432 4539 2559 4593 Tres
2594 4538 2988 4610 Nylandcrianae
