3177 5011
1299 323 1383 391 59

137 468 397 528 cheurico
449 479 754 546 provocato
806 476 1099 536 certissime
1140 476 1375 549 pendent
1406 496 1436 538 e
1471 478 1698 538 diversis
1733 479 2036 552 corporibus
2070 480 2347 548 chemicis,
2386 497 2500 552 qun

136 558 355 629 plantis
392 560 592 617 insunt.
640 564 871 623 Necesse
906 566 1073 637 igitur
1106 570 1271 630 esset,
1292 583 1713 640 unamquamque
1751 570 1976 640 speciem
2013 585 2219 641 semper
2237 569 2500 640 (ubicum-

137 664 249 715 que
294 648 539 722 habitet)
591 654 781 708 eadem
834 659 890 709 et
932 653 1155 709 totidem
1193 654 1459 710 continere
1497 672 1713 727 corpora
1748 656 2007 720 chemicaz
2047 657 2095 711 si
2129 672 2235 712 non
2270 657 2374 721 ita,
2411 657 2502 714 vix

137 733 311 791 dubie
368 754 472 808 ope
528 740 804 810 cujusdam
855 740 992 796 alius
1044 741 1276 811 corporis
1328 742 1550 799 chemici
1595 743 1701 799 alia
1747 760 1904 814 quam
1957 743 2117 799 solita
2153 745 2350 819 reactio
2385 734 2503 801 sese

138 826 552 883 manifestaret.
568 827 870 884 —Perbere
907 843 1029 884 vero
1064 828 1282 893 scimus,
1303 846 1414 884 rem
1438 847 1553 886 sese
1575 848 1681 887 non
1704 833 1784 887 ita
1805 832 2011 888 habere.
2049 830 2113 886 In
2136 830 2284 886 Lich.
2303 830 2499 901 Spitsb.

134 927 193 980 p.
236 912 312 966 29
369 914 530 985 plura
575 915 690 985 jam
725 915 1003 971 attulimus
1046 916 1307 986 exempla,
1346 933 1395 971 v.
1433 933 1475 972 c.
1513 918 1654 989 apud
1689 919 2050 990 Amyqdalum
2081 933 2403 974 commutem
2439 937 2494 972 a.

139 997 366 1063 deesse.
408 1002 555 1072 apud
585 1009 643 1075 β.
683 1018 927 1058 amaram
961 1002 1188 1058 inveniri
1222 1003 1430 1075 insigne
1464 1004 1601 1063 illud
1628 1004 2100 1079 ”amygdalinum”;
2128 1006 2185 1060 in
2203 1004 2501 1075 junioribus

140 1085 562 1143 thhonarum
612 1089 811 1160 plantis
845 1089 1103 1145 alcaloida
1135 1088 1231 1147 illa
1264 1090 1463 1147 frustra
1497 1094 1687 1162 quaeri.
1724 1112 1838 1165 quo
1873 1093 2073 1150 adultis
2107 1093 2191 1151 his
2225 1092 2499 1149 arboribus

142 1192 427 1231 summum
462 1176 705 1232 tribuant
736 1177 978 1249 praetium
1012 1194 1057 1232 e.
1094 1193 1139 1231 s.
1176 1194 1230 1248 p.
1302 1178 1436 1236 Fere
1471 1181 1747 1236 innumera
1781 1196 2052 1251 possemus
2087 1178 2298 1235 addere.
2369 1178 2501 1249 (Cfr.

142 1261 403 1326 Dmu’n,
441 1263 687 1318 Animals
719 1264 824 1319 and
859 1265 1045 1320 Plauts
1080 1262 1202 1319 und.
1230 1264 1463 1321 Domest
1489 1265 1559 1320 IL
1581 1284 1631 1338 p.
1654 1268 1821 1337 2741).
1860 1265 2098 1333 Quaerere
2134 1264 2289 1322 modo
2325 1266 2499 1331 lubet,

143 1366 277 1404 num
337 1352 466 1420 quis
516 1351 714 1407 formas
765 1352 986 1409 Damio.»
1035 1351 1338 1417 variabilis,
1392 1352 1609 1409 Phlocu's
1642 1354 2051 1421 Drummonda,
2112 1352 2498 1419 Veromo-um,

148 1435 509 1505 Impatientis
561 1440 925 1509 Βαιβαπωπω,
983 1437 1347 1495 Fuchsiarum
1397 1444 1498 1495 cet.
1545 1442 1677 1496 velit
1720 1442 1777 1497 in
1813 1442 1990 1514 plures
2023 1442 2227 1511 species
2261 1441 2498 1498 dividere

146 1523 453 1579 secundum
492 1525 724 1581 colorum
760 1528 1107 1592 mutationes,
1133 1512 1185 1583 K
1219 1528 1442 1599 aliisque
1479 1530 1769 1599 reagentiis
1803 1533 2128 1601 provocatas.

292 1629 428 1684 ὼε
484 1645 569 1683 res
624 1635 865 1701 respectu
915 1632 1150 1702 generali
1195 1633 1242 1687 si
1285 1632 1367 1687 ita
1409 1648 1523 1687 sese
1576 1632 1769 1698 habet,
1831 1650 1937 1689 non
1998 1634 2191 1690 mirum
2228 1651 2354 1690 sane
2388 1638 2498 1699 est,

147 1715 301 1771 illam
362 1733 474 1771 non
509 1716 670 1772 aliter
704 1735 818 1775 sese
871 1719 1098 1790 praebere
1112 1759 1127 1788 ,
1172 1719 1219 1774 si
1267 1718 1337 1774 ad
1372 1719 1510 1774 solos
1546 1718 1805 1775 Lichenes
1838 1736 1936 1775 nos
1972 1724 2354 1777 convertamus.
2427 1722 2504 1778 Ut

147 1805 294 1859 enim
334 1808 472 1858 nota
506 1805 768 1860 censenda
802 1807 876 1862 sit
909 1807 1072 1871 bona.
1102 1824 1314 1864 necesse
1350 1806 1622 1869 est‚illam
1656 1823 1771 1861 esse
1804 1808 2045 1862 stabilem
2079 1815 2505 1881 constantemque

150 1889 187 1942 i.
222 1906 270 1944 e.
312 1889 471 1944 illam
531 1891 671 1961 apud
724 1894 901 1948 omnia
953 1895 1241 1965 specimina
1276 1893 1513 1963 ejusdem
1548 1896 1745 1965 speciei
1779 1898 1940 1965 atque
1976 1896 2032 1950 in
2066 1895 2253 1952 iisdem
2290 1898 2503 1968 organis

149 1977 396 2045 ejusdem
435 1980 742 2050 speciminis
776 1997 928 2051 posse
966 1982 1248 2038 observari.
1322 1979 1431 2036 Cel
1471 1981 1796 2037 Tuckerman
1844 1982 2147 2052 (American
2182 1984 2498 2049 Naturalist‚

151 2064 308 2134 April
349 2066 517 2136 1868)
554 2069 610 2121 et
644 2065 877 2140 Lindsay
914 2068 1118 2138 (Journ.
1156 2068 1215 2122 of
1246 2067 1401 2123 Linn.
1440 2068 1552 2123 Soc.
1592 2068 1667 2123 XI
1703 2085 1751 2122 n.
1790 2068 1886 2137 49)
1922 2071 2211 2125 numerosis
2248 2069 2500 2142 exemplis

153 2153 427 2206 contr-aria
476 2153 853 2224 probaverunt;
911 2156 1013 2227 ipsi
1049 2172 1253 2226 quoque
1289 2156 1345 2211 in
1380 2154 1528 2211 Lich.
1566 2155 1761 2226 Spitsb.
1798 2156 2050 2211 nonnulla
2085 2156 2279 2211 similia
2314 2156 2501 2211 attuli-

154 2255 284 2293 mus.
360 2240 619 2295 Plurima
652 2244 713 2295 in
745 2248 986 2311 sequane
1020 2243 1330 2312 tradantur,-
1368 2242 1419 2297 h.
1456 2242 1491 2297 l.
1528 2259 1694 2314 pauca
1730 2245 1788 2296 at
1823 2242 2091 2299 evidentia
2125 2243 2418 2298 afferamus.

295 2344 461 2399 Inter
514 2343 814 2401 Cladom'as
867 2348 1077 2399 constat
1128 2347 1327 2401 nullam
1374 2364 1488 2402 esse
1523 2348 1911 2403 distinctiorem
1948 2349 2202 2419 speciem,
2241 2364 2397 2419 quam
2434 2346 2502 2401 li-

158 2432 576 2501 chenologorum
632 2432 902 2488 deliciolae
956 2432 1038 2487 CI.
1076 2436 1396 2504 retiporam,
1450 2440 1506 2492 et
1553 2440 1766 2505 tamen,
1820 2439 1959 2491 teste
2014 2435 2261 2507 Lindsay,
2307 2437 2362 2491 in
2398 2450 2501 2490 uno

154 2521 450 2590 eodemque
484 2522 775 2591 specimine
810 2521 953 2576 color
988 2507 1038 2574 Κ
1091 2521 1148 2576 in
1186 2522 1389 2577 luteum
1425 2525 1541 2580 abit
1584 2524 1670 2579 vel
1714 2525 2029 2579 immutatus
2086 2526 2280 2578 manet.
2353 2522 2501 2577 Inter

155 2609 363 2676 species
416 2623 684 2678 europssas
738 2608 819 2664 01.
867 2609 1116 2678 Botrytoe
1168 2613 1310 2664 certe
1358 2615 1441 2665 est
1477 2611 1912 2674 distinctissime,
1961 2615 2019 2666 at
2071 2611 2265 2665 formas
2301 2610 2502 2680 optime

156 2696 369 2764 typicas
406 2702 463 2752 et
499 2682 551 2752 K
595 2696 967 2751 luteo-tinctas
1021 2698 1078 2751 et
1131 2695 1442 2751 immutatas
1499 2698 1745 2754 vidimus.
1837 2699 1918 2753 01.
1957 2697 2334 2768 bellt'dcfloram
2387 2712 2503 2751 esse

159 2781 300 2836 inter
324 2783 581 2840 facillime
618 2785 891 2855 dignotas‚
915 2785 1002 2838 vix
1026 2783 1304 2853 quisquam
1329 2790 1517 2856 negat,
1545 2788 1603 2841 et
1635 2790 1814 2841 tamen
1839 2786 2006 2840 forma
2028 2785 2252 2839 maxime
2277 2784 2499 2848 arction,

161 2869 305 2923 nulla
358 2870 468 2925 alia
520 2876 648 2926 nota
691 2871 965 2936 recedens,
1002 2870 1210 2925 diverso
1246 2869 1401 2924 modo
1435 2887 1470 2925 a
1503 2873 1792 2943 reagentiis
1836 2872 2086 2928 chemicis
2121 2871 2365 2926 afficitur.
2439 2870 2503 2925 ln

160 2955 328 3010 thallo
364 2957 609 3027 ἦρα-ιω
658 2958 918 3022 obscum,
968 2961 1031 3013 ut
1082 2957 1138 3010 in
1190 2957 1421 3012 Lecidea
1471 2961 1859 3030 samiorum,
1893 2957 2160 3014 interdum
2196 2958 2504 3013 observatur

163 3045 389 3096 stratum
427 3045 801 3114 sanguineum,
849 3032 899 3099 K
933 3059 1220 3116 purpureo·
1196 3044 1537 3110 -violascens3
1594 3062 1720 3100 num
1777 3061 1895 3101 eam
1953 3044 2021 3100 ob
2080 3061 2318 3100 caussam
2379 3060 2499 3115 pro-

165 3130 277 3198 pria
313 3131 519 3200 species
555 3136 641 3185 est
673 3131 1043 3189 admittenda?
1096 3130 1229 3184 Tum
1267 3146 1392 3186 vero
1426 3132 1688 3187 nonnulle
1724 3132 1924 3187 lacinio
1965 3131 2036 3185 ad
2070 3147 2254 3194 unam,
2293 3130 2399 3183 alia
2432 3129 2502 3184 ad

165 3215 386 3271 alteram
424 3219 656 3288 speciem
692 3220 1087 3290 pertineretl—
1108 3216 1172 3270 In
1208 3217 1382 3271 eodem
1418 3218 1711 3273 Lecanoroe
1744 3222 1986 3283 ου’πενεω,
2025 3219 2355 3274 Perta-‚miz
2383 3218 2499 3287 qlo-

166 3310 376 3358 mata·
409 3307 513 3359 cet.
550 3307 836 3375 specimine
872 3322 1113 3361 verrucas
1151 3322 1200 3359 v.
1221 3305 1424 3360 areolas
1461 3307 1749 3377 reagentiis
1783 3306 2039 3361 adhibitis
2074 3307 2271 3360 tinctas
2307 3308 2364 3359 et
2398 3305 2501 3358 im-

168 3395 397 3445 mutatas
433 3391 852 3458 observavimus3
889 3393 947 3446 in
980 3392 1241 3447 fructibus
1277 3393 1583 3461 Caloplacae
1610 3395 1963 3464 serv-nyma,
2001 3394 2280 3448 Arthom‘ae
2312 3393 2499 3446 duna-

168 3475 366 3532 bon‘nae
418 3483 522 3534 cet.
576 3495 759 3534 omnes
809 3479 1004 3550 gradus
1056 3496 1090 3534 a
1124 3479 1530 3536 distinctissima
1565 3481 1756 3537 coloris
1791 3481 2086 3536 mutatione
2120 3497 2216 3551 per
2249 3479 2501 3535 leviorem

168 3562 219 3616 in
253 3565 556 3622 subnullam
591 3566 896 3637 nullamque
932 3564 1206 3622 evidenter
1241 3567 1647 3622 observavimus.
1719 3568 1783 3623 In
1817 3569 2001 3624 eodem
2039 3568 2321 3639 specimine
2355 3565 2501 3638 gela-

169 3653 277 3706 tina
313 3653 577 3722 hymenea
592 3654 923 3726 Opeyraphoe
955 3655 1120 3709 varioe
1155 3654 1333 3709 vinoso
1370 3655 1526 3710 rubet
1560 3658 1618 3710 et
1653 3655 1859 3711 intense
1894 3654 2184 3711 caerulescit
2211 3653 2328 3724 (cfr.
2351 3653 2501 3708 Alm-

169 3741 334 3809 quist,
391 3740 493 3795 Om
545 3741 738 3798 Skand.
794 3740 986 3812 Opegr.
1041 3759 1092 3813 p.
1130 3741 1248 3811 16);
1303 3740 1445 3797 idem
1493 3740 1635 3812 apud
1671 3743 2077 3811 Acarosporas,
2113 3741 2502 3812 Polyhlamam

169 3825 454 3883 Smdtrmi
486 3833 587 3884 cet.
613 3846 842 3900 persaepe
880 3828 1124 3884 vidimus.
1195 3828 1353 3882 At—
1370 3827 1483 3897 jam
1520 3829 1681 3883 satis!

301 3933 431 4000 Quae
485 3934 626 4006 apud
670 3934 889 3989 eandem
936 3934 1162 4005 speciem
1210 3932 1492 3987 diversitas
1528 3935 1746 3989 minime
1782 3933 1994 3989 videtur
2028 3930 2301 3987 mirabilis.
2375 3929 2501 3986 Cor·

168 4037 290 4091 pora
325 4022 566 4077 chemica
602 4024 849 4093 organica
883 4021 1132 4092 perfacile
1168 4018 1395 4085 destrui,
1433 4021 1491 4074 in
1525 4020 1632 4076 alia
1675 4022 1871 4075 mutari
1906 4036 1950 4074 e.
1976 4037 2017 4073 s.
2043 4038 2095 4091 p.
2113 4059 2125 4082 ‚
2165 4021 2249 4073 vix
2284 4018 2382 4074 ulli
2417 4023 2502 4075 est

169 4110 436 4179 ignotum3
495 4126 588 4164 cur
631 4125 735 4162 non
772 4108 888 4172 illa,
930 4124 1044 4178 quse
1080 4108 1373 4162 lichenibus
1408 4108 1614 4171 insunt,
1653 4107 1824 4164 eidem
1861 4108 1970 4177 legi
2007 4111 2186 4161 essent
2221 4106 2498 4176 subjecta?

171 4197 372 4252 Desunt
407 4198 625 4268 quidem
672 4194 875 4250 directa
927 4195 993 4249 de
1040 4194 1138 4249 hac
1176 4211 1230 4249 re
1266 4196 1649 4265 experimenta,
1688 4195 1781 4250 sed
1818 4211 1926 4249 rem
1964 4211 2076 4248 sese
2113 4193 2305 4248 habere
2340 4210 2402 4247 ex
2439 4209 2501 4248 eo

171 4302 442 4355 possumus
480 4284 815 4347 concludere,
857 4282 994 4353 quod
1031 4283 1173 4336 color
1208 4284 1521 4352 provocatus
1555 4298 1692 4336 nunc
1729 4280 2038 4343 distinctus,
2078 4295 2216 4334 nunc
2252 4280 2360 4334 sere
2395 4296 2500 4336 non

173 4371 535 4443 percipiendus
570 4388 706 4442 soepe
744 4373 989 4441 apparet,
1042 4369 1145 4422 nisi
1190 4368 1402 4422 omnino
1447 4368 1614 4424 deest.
1687 4368 1751 4422 In
1787 4368 2032 4422 Ceu-aria
2067 4368 2241 4423 nivali
2272 4367 2501 4424 vidimus

173 4463 321 4518 thalli
357 4465 568 4533 partem
603 4460 903 4515 inferiorem
940 4458 1046 4513 alio
1079 4456 1237 4512 modo
1270 4442 1320 4511 K
1355 4458 1494 4526 tingi
1538 4473 1696 4525 quam
1741 4460 1947 4526 partem
1983 4457 2305 4526 superiorem
2339 4473 2499 4527 vege·

175 4555 293 4605 tam.
365 4550 557 4606 Nonne
592 4546 693 4602 hoc
729 4563 760 4601 e
795 4547 877 4612 vi,
933 4563 1091 4616 quam
1143 4545 1200 4599 in
1244 4544 1471 4598 thallum
1508 4546 1716 4598 exercet
1749 4558 1911 4612 aqua,
1948 4549 2040 4596 aer
2075 4547 2206 4608 etc.‚
2262 4543 2497 4615 pendet?
