3177 5011
1748 304 1833 372 80

628 449 862 518 cultam
926 452 1316 536 invenienda;
1392 457 1457 525 in
1529 459 1758 526 Suecia
1822 462 2066 546 parcius
2131 463 2227 528 est
2292 462 2612 530 observata
2669 483 2726 530 v.
2772 482 2824 529 e.
2880 464 2948 530 in

628 554 959 624 Gotlandia
1022 563 1254 644 passim
1320 562 1600 649 (Stenh.)
1623 614 1638 641 ,
1707 565 2173 650 Westrogothia
2216 567 2631 653 (Lidkopingz
2679 569 2946 647 Graewe,

625 659 970 745 Kallunga:
1018 665 1350 750 Hulting)‚
1377 667 2069 753 Ne1·icia(G6thlunda:
2102 669 2411 755 Blomb.)‚
2444 671 2697 757 Upsalia
2721 674 2943 758 (ipse);

626 762 689 826 in
737 763 1056 850 Norveyia
1118 770 1358 836 tantum
1403 790 1436 836 e
1480 772 1540 836 N
1544 772 1863 838 ordlandia
1918 772 2177 838 australi
2229 772 2712 857 (Gronholmen,
2774 776 2942 842 Salt-

626 864 838 933 daleu:
888 868 1138 957 Smrft.)
1182 872 1302 939 fuit
1344 873 1554 940 allata.
1646 873 1994 959 Specimina
2038 875 2307 942 Fennica
2349 878 2616 944 nondum
2662 880 2813 945 visa.

763 1057 934 1114 Axilla
986 1078 1143 1131 quam
1194 1063 1414 1119 duarum
1464 1062 1889 1119 antecedentium
1933 1065 2105 1119 minus
2158 1064 2406 1119 distincte
2457 1066 2655 1136 pervia.
2728 1067 2946 1137 Phyllo-

625 1143 798 1199 cladia
842 1163 979 1202 nunc
1014 1152 1225 1205 omnino
1259 1151 1428 1215 nulla,
1466 1167 1604 1205 nunc
1640 1168 1914 1206 numerosa
1947 1155 2005 1206 et
2039 1168 2132 1221 per
2165 1154 2338 1205 totum
2363 1151 2634 1222 podetium
2657 1170 2854 1224 sparsa.
2878 1186 2943 1196 —

622 1230 846 1287 Ratione
883 1237 1164 1291 reactionis
1199 1237 1381 1293 kalicae
1416 1238 1698 1293 admodum
1723 1238 1997 1293 notabilis:
2025 1239 2253 1292 occurrit
2276 1238 2417 1292 enim
2442 1240 2613 1294 colore
2639 1241 2944 1305 immutate,

621 1317 974 1385 fuscescente,
1030 1323 1340 1379 latescente.
1414 1325 1536 1379 Var.
1577 1322 1628 1378 δ.
1661 1331 1982 1395 punyentem
2017 1325 2082 1379 ob
2116 1327 2429 1380 reactionem
2470 1327 2796 1382 latescentem
2848 1344 2943 1398 pro

625 1404 879 1461 distincta
932 1411 1104 1480 specie
1157 1412 1318 1467 habet
1370 1412 1447 1468 Cl.
1503 1412 1792 1483 Leighton,
1849 1415 1906 1467 at
1959 1412 2142 1468 eadem
2191 1413 2303 1467 vice
2340 1418 2520 1468 censet
2555 1414 2737 1469 eodem
2790 1414 2948 1469 modo

623 1495 856 1547 mutatas
891 1494 1086 1551 formas
1122 1515 1225 1553 suae
1260 1499 1343 1554 01.
1374 1502 1613 1569 furcatoe
1651 1515 1767 1554 esse
1822 1498 1974 1568 ”01115
2009 1516 2042 1553 a
2076 1499 2297 1553 distinct
2330 1500 2560 1569 variety3
2598 1499 2678 1554 for
2714 1500 2862 1554 there
2897 1500 2946 1554 is

622 1577 921 1651 frequently
974 1584 1030 1639 in
1073 1588 1305 1655 stu-cata
1356 1588 1461 1643 and
1513 1587 1817 1657 cm-ymbosa
1869 1602 1902 1640 a
1959 1586 2129 1655 slight
2180 1586 2450 1655 yellowish
2502 1587 2735 1641 reaction
2773 1587 2946 1641 which

622 1667 834 1737 quickly
886 1672 1037 1725 turns
1090 1678 1148 1728 to
1200 1674 1541 1730 fuscescent.”
1613 1675 1732 1746 Ipse
1785 1674 1952 1744 igitur
2009 1674 2166 1743 hujus
2220 1678 2356 1728 uotae
2391 1689 2624 1729 summus
2658 1675 2948 1729 admirator

620 1768 725 1807 non
777 1755 937 1812 audet
981 1758 1062 1814 illi
1101 1761 1190 1830 jus
1225 1761 1433 1816 arbitrii
1479 1778 1686 1832 semper
1719 1761 1976 1816 tribuere!
2018 1793 2081 1802 —
2120 1761 2455 1826 Addendum,
2494 1762 2783 1831 specimina
2817 1760 2942 1816 Cen.

613 1845 903 1912 punqenm
947 1846 1002 1901 in
1047 1846 1137 1901 hb.
1186 1847 1316 1903 Aah.
1354 1835 1404 1903 Κ
1439 1865 1542 1903 non
1577 1849 1735 1920 tingi.

761 2008 874 2064 obs.
910 2006 1079 2074 Quam
1103 2006 1287 2075 protea
1309 2004 1381 2058 sit
1406 2004 1631 2075 species,
1658 2022 1687 2059 e
1724 2004 2067 2059 varietatibus
2093 2021 2251 2075 supra
2267 2004 2445 2059 allatis
2461 2003 2590 2058 licet
2608 2002 2942 2068 concludere;

630 2097 746 2152 aliae
783 2095 850 2151 ad
884 2094 967 2149 01.
998 2093 1276 2164 yracslem,
1332 2092 1448 2146 aliae
1499 2092 1567 2147 ad
1611 2093 2005 2162 ranffifen‘nam
2039 2096 2279 2161 vergunt.
2350 2091 2633 2146 Permulta
2669 2091 2787 2145 aliae
2821 2093 2946 2144 sunt

619 2185 685 2239 ab
721 2182 1022 2238 auctoribus
1056 2181 1358 2251 propositae,
1381 2196 1601 2249 quarum
1634 2181 1859 2235 maxime
1905 2179 2152 2234 notabilis
2197 2179 2408 2233 videtur
2441 2178 2744 2249 corymbo-sa
2762 2179 2944 2248 (Ach.)

622 2271 743 2341 Nyl.
802 2271 896 2340 (ε..-
932 2267 1055 2322 Cen.
1092 2267 1367 2335 allotropa
1409 2287 1466 2334 η.
1505 2267 1809 2336 corymbosa
1858 2265 2015 2322 Univ.
2051 2284 2104 2337 p.
2142 2266 2247 2320 556
2291 2269 2349 2320 et
2394 2264 2516 2320 Cen.
2564 2280 2839 2335 ecrnocyna
2886 2261 2938 2317 δ.

619 2357 922 2427 corymbosa
973 2354 1095 2424 Syn.
1143 2370 1193 2424 p.
1233 2355 1336 2407 263
1391 2353 1669 2424 [immixtis
1722 2353 1776 2407 in
1830 2352 1920 2407 hb.
1968 2352 2342 2423 speciminibus
2393 2373 2448 2406 α.
2485 2354 2733 2421 ονίςραίω
2768 2355 2825 2407 et
2862 2351 2943 2407 01.

617 2442 1045 2514 amamcraeaeJ,
1103 2439 1184 2494 01.
1215 2441 1445 2509 suo-cata
1501 2440 1549 2493 b.
1587 2442 1811 2495 crustata
1863 2439 1952 2494 Fr.
1988 2439 2047 2493 L.
2084 2439 2144 2493 Ε.
2183 2457 2232 2511 p.
2274 2440 2399 2504 229,
2451 2440 2532 2494 01.
2562 2440 2793 2509 furcata
2828 2456 2939 2493 var.

619 2531 924 2602 corymbosa
958 2528 1080 2598 Nyl.
1120 2529 1239 2598 Syn.
1279 2545 1328 2597 p.
1365 2528 1494 2589 207,
1532 2527 1717 2581 Scand.
1754 2546 1806 2598 p.
1845 2528 1936 2598 56)
1972 2528 2201 2599 podetiis
2236 2530 2432 2598 passim
2466 2527 2668 2582 fissuris
2703 2527 2939 2598 longitu-

619 2618 868 2673 dinaliter
919 2613 1302 2678 hiascentibus,
1358 2614 1505 2685 apice
1558 2614 2011 2668 radiato-ramosis
2072 2615 2157 2669 vel
2212 2613 2647 2684 subcorymbosis.
2738 2612 2940 2667 Ceteras

620 2707 745 2760 sunt
777 2704 1011 2758 viliores:
1048 2700 1300 2771 spadicea
1335 2699 1527 2772 (Pers.)
1562 2701 1664 2770 (cl.
1692 2702 1924 2770 furcata
1960 2722 2016 2754 a.
2051 2702 2308 2772 spadtcea
2341 2701 2499 2756 Univ.
2531 2719 2581 2771 p.
2620 2701 2746 2770 560)
2777 2722 2852 2752 =
2884 2721 2937 2771 γ.

619 2791 875 2846 subnotata
909 2789 1138 2861 podetiis
1173 2787 1390 2843 obscure
1427 2788 1709 2858 spadiceis;
1747 2804 2025 2857 epermena
2060 2787 2189 2843 Ach.
2214 2789 2433 2858 (Boeom.
2458 2789 2606 2857 fwrc.
2632 2806 2742 2843 var.
2769 2788 2937 2842 Meth.

618 2897 671 2951 p.
713 2880 843 2948 357,
880 2877 1085 2932 Cenem.
1116 2875 1265 2944 sure.
1302 2892 1409 2929 var.
1445 2875 1600 2930 Univ.
1636 2893 1688 2946 p.
1728 2875 1854 2946 561)
1888 2897 1961 2926 =
1982 2895 2033 2945 y.
2060 2876 2313 2930 stabulata
2347 2878 2402 2931 in
2436 2892 2759 2930 racemo-sam
2792 2878 2940 2930 tran-

618 2967 784 3030 siens,
833 2964 1063 3035 podetiis
1115 2963 1449 3031 elztiorihm,
1503 2961 2175 3028 albido-cinerascentibus;
2229 2965 2416 3019 stricta
2463 2962 2610 3033 (Cen.
2640 2964 2789 3032 fun-c.
2825 2980 2935 3018 var.

618 3052 776 3109 Univ.
814 3071 866 3125 p.
907 3053 1035 3118 5613
1072 3051 1221 3106 M.
1249 3052 1510 3120 furcatus
1545 3048 1708 3103 Ehrh.
1745 3066 1850 3105 exs.
1889 3067 1940 3104 n.
1966 3048 2094 3118 108)
2116 3069 2254 3119 :Y-
2291 3050 2546 3104 stabulata
2568 3049 2795 3120 podetiis
2818 3048 2937 3103 bre·

619 3141 850 3196 vioribus
864 3181 876 3204 ‚
932 3138 1169 3210 pallidis,
1225 3138 1372 3208 apice
1424 3135 1578 3191 modo
1632 3136 2106 3199 furcata-ramosis,
2164 3136 2325 3189 ramis
2370 3135 2608 3190 omnibus
2643 3136 2935 3206 apotheciis

618 3226 945 3290 terminatis;
982 3227 1137 3279 nivea
1172 3224 1339 3280 Meth.
1376 3243 1427 3296 p.
1465 3224 1570 3278 354
1605 3223 1825 3292 (Baeom.
1853 3240 2023 3293 μαγις.
2060 3225 2216 3292 van),
2255 3222 2408 3277 Univ.
2435 3241 2484 3293 p.
2506 3224 2607 3278 562
2628 3222 2772 3292 (Cen.
2785 3224 2936 3291 sua-c.

618 3315 779 3384 van),
825 3312 945 3382 Syn.
982 3329 1034 3383 p.
1075 3313 1180 3366 260
1215 3310 1360 3381 (Gen.
1392 3326 1659 3382 qonoreya
1691 3311 1823 3381 var.)
1858 3332 1932 3360 =
1957 3325 2206 3380 punam
2241 3309 2314 3378 (K
2334 3311 2422 3380 ψ)
2465 3308 2692 3379 podetiis
2727 3308 2936 3363 albissi-

618 3403 746 3467 mis;
782 3416 1007 3456 rectu-va
1042 3398 1281 3469 (Hoffm.)
1317 3399 1538 3469 (Boeom.
1567 3400 1827 3468 furcam
1859 3417 1910 3467 γ.
1935 3412 2188 3453 recurvus
2222 3397 2391 3452 Merh.
2411 3414 2464 3468 p.
2487 3399 2614 3459 357,
2654 3396 2934 3465 Genomyce

620 3486 776 3543 Univ.
811 3505 866 3558 p.
888 3486 990 3541 561
1014 3517 1074 3527 —
1096 3485 1154 3539 in
1188 3484 1310 3555 Syn.
1349 3503 1402 3557 p.
1423 3486 1526 3539 276
1561 3486 1964 3554 Cen.furcatae,
1989 3484 2136 3548 dein,
2163 3483 2424 3538 nescimus
2448 3499 2551 3553 quo
2581 3483 2723 3552 jure,
2749 3499 2803 3552 p.
2832 3482 2936 3535 342

616 3575 737 3630 Gen.
768 3574 1056 3645 fimbriam
1088 3572 1137 3628 h.
1174 3576 1410 3626 cornuta:
1444 3571 1735 3646 adscripta,
1772 3572 1893 3628 Cen.
1918 3572 2140 3628 radiata
2171 3588 2279 3625 var.
2306 3571 2751 3641 contortuplicata
2772 3567 2930 3624 Univ.
3000 3589 3007 3597 ·

615 3680 669 3733 p.
707 3661 837 3726 548,
875 3664 1014 3715 teste
1049 3658 1196 3730 Nyl.)
1228 3683 1300 3712 =
1334 3664 1391 3730 β.
1430 3676 1701 3715 racemosa
1735 3659 1896 3714 ramis
1931 3660 2186 3722 recurvis,
2232 3658 2389 3728 vulgo
2426 3657 2595 3728 magis
2630 3655 2932 3726 squamulo·

616 3748 713 3815 sis;
749 3750 1048 3818 spinescens
1082 3748 1321 3818 (Hoffm.)
1357 3748 1576 3818 (Baeom.
1612 3748 1861 3817 spato-sus
1894 3750 1950 3816 β.
1989 3745 2308 3800 manchium
2341 3745 2472 3799 Ach.
2510 3744 2676 3799 Meth.
2715 3762 2765 3814 p.
2802 3731 2931 3815 358)

612 3856 686 3885 =
718 3839 780 3907 β.
815 3850 1088 3890 racemosa
1139 3836 1299 3889 ramis
1351 3835 1568 3899 trifidis,
1625 3834 1839 3890 ramulis
1893 3832 2187 3900 sterilibus,
2236 3832 2560 3888 brevissimis
2612 3831 2929 3901 fastigiatis3

613 3922 878 3992 adspersa
895 3922 1064 3993 (mk.)
1099 3940 1141 3976 s.
1180 3922 1301 3978 Gen.
1329 3923 1559 3991 furcata
1595 3941 1645 3993 γ.
1682 3936 1955 3977 racemosa
1985 3921 2031 3976 b.
2056 3921 2319 3990 adspersa
2339 3919 2520 3975 Smrft.
2544 3918 2725 3990 Suppl.
2746 3935 2798 3989 p.
2821 3918 2930 3973 134

612 4031 686 4061 ==
720 4025 826 4063 var.
880 4028 930 4080 y.
967 4009 1336 4080 phyllocladiis
1386 4009 1678 4065 numerosis
1731 4007 1918 4063 obsita.
1990 4008 2054 4063 In
2107 4009 2305 4079 campis
2355 4007 2626 4062 sterilibus
2678 4005 2929 4061 calcareis

613 4082 846 4151 olandia
900 4096 1141 4152 habitum
1183 4096 1382 4168 prebet
1416 4095 1586 4167 magis
1637 4095 1924 4150 torulosum
1977 4097 2300 4161 contortum3
2338 4094 2480 4150 color
2512 4095 2806 4150 fuscescens
2842 4088 2929 4142 vel

611 4183 880 4239 interdum
931 4183 1136 4239 albidus
1191 4201 1240 4238 v.
1278 4185 1488 4238 omnino
1541 4183 1707 4237 albus.
1780 4181 1903 4236 Haec
1939 4186 2024 4237 est
2057 4200 2167 4238 var.
2203 4184 2331 4238 alba
2366 4181 2515 4237 Flod.
2552 4184 2608 4237 in
2643 4184 2760 4239 Bot.
2798 4185 2927 4242 Not.

611 4270 752 4325 1854
785 4289 835 4342 p.
875 4270 1002 4336 167,
1048 4270 1116 4325 ad
1149 4276 1206 4342 β.
1245 4286 1566 4326 raccnwsam
1601 4268 1886 4325 referenda.
1930 4300 1988 4309 —
2029 4268 2111 4323 Ad
2147 4289 2202 4321 α.
2241 4271 2531 4339 crispatam
2567 4288 2661 4341 pro
2698 4274 2926 4330 maxima

610 4357 798 4412 saltem
834 4361 983 4428 parte
1023 4359 1258 4430 pertinet
1309 4356 1429 4412 Gen.
1461 4373 1725 4428 ymmo-eya
1766 4376 1811 4410 ε.
1849 4358 2058 4426 vimata
2093 4355 2222 4410 Ach.
2260 4355 2413 4411 Univ.
2449 4374 2499 4427 p.
2538 4359 2666 4422 553,
2714 4359 2834 4430 Syn.
2871 4377 2924 4433 p.
3009 4343 3012 4354 ⁹

612 4444 717 4498 260
767 4443 996 4515 podetiis
1048 4443 1416 4509 breviusculis,
1471 4445 1645 4500 axillis
1689 4443 1929 4500 omnibus
1964 4444 2181 4515 perviis,
2219 4443 2587 4515 phyllocladiis
2620 4449 2815 4518 paucis.
2856 4479 2921 4491 --

610 4528 733 4588 Gen.
779 4531 1012 4603 furcata
1045 4530 1173 4588 Ach.
1226 4530 1347 4604 Syn.
1382 4548 1433 4607 p.
1472 4532 1599 4598 276,
1637 4548 1756 4590 cum
1788 4533 1970 4588 nostra
2004 4547 2111 4588 var.
2146 4550 2196 4603 γ.
2234 4530 2489 4600 identica,
2525 4533 2604 4590 ibi
2636 4535 2693 4591 in
2729 4554 2784 4591 a.
2823 4538 2919 4609 (π
