3177 5011
1367 291 1487 354 139

389 441 590 495 Lichen
623 442 828 496 ciliaris
862 446 917 512 β.
961 441 1176 496 albidus
1211 443 1361 498 Retz.
1401 442 1582 498 Prodr.
1623 442 1701 497 ed.
1746 441 1781 507 ΙΑ
1806 459 1855 511 p.
1895 442 2015 496 227.

389 528 668 581 Par-melia
700 528 938 582 stellaris
973 543 1078 581 var.
1119 529 1446 584 adscendens
1489 530 1576 584 Fr.
1615 530 1664 583 S.
1702 530 1763 583 V.
1802 529 1884 583 Sc.
1922 529 2108 598 (1845)
2145 546 2192 598 p.
2232 531 2353 583 105.

391 614 622 684 Physcia
655 615 893 667 stellari-s
926 629 968 666 c.
1004 614 1218 682 hispida
1254 615 1343 669 Br.
1384 621 1449 670 et·
1477 617 1651 670 Rostr.
1691 617 1825 670 Dan.
1864 634 1911 686 p.
1955 616 2039 669 65.

389 701 526 770 Fig.
584 704 640 755 et
694 701 827 754 Exs.
898 701 1062 754 Ehrh.
1121 701 1220 755 217
1275 704 1361 772 (ex
1406 703 1626 774 Upsal.).
1666 734 1727 744 -—
1767 702 1848 756 ΕΙ.
1905 703 1970 756 D.
2009 702 2160 756 1186.
2203 702 2248 754 1.
2292 731 2349 739 -
2390 701 2452 753 L.
2492 700 2580 753 Su.

240 788 349 841 206
387 787 449 840 Β.

427 892 524 956 Ad
587 890 847 954 cortices
897 891 1181 955 arborum
1239 892 1696 967 frondosarum,
1753 893 1997 974 parcius
2053 892 2129 956 ad
2172 891 2344 975 ligna
2388 891 2580 965 nuda,

243 1015 398 1059 saxa
479 1011 873 1075 muscosque,
950 1013 1060 1076 per
1128 997 1362 1071 totum,
1445 995 1745 1079 quantum
1810 995 2107 1069 innotuit,
2198 992 2578 1057 territorium

245 1097 544 1183 (summis
600 1095 843 1178 alpibus
899 1096 1200 1180 exeeptis)
1247 1097 1416 1179 viget
1459 1097 1658 1162 forma.
1700 1098 2028 1181 primaria,
2079 1095 2315 1160 abunde
2361 1093 2578 1157 fructi-

245 1200 398 1264 fera.
505 1199 647 1263 Var.
704 1201 763 1280 β.
827 1197 1015 1263 etiam
1068 1199 1147 1265 ad
1202 1203 1449 1264 truncos
1512 1201 1832 1277 arborum,
1892 1219 2038 1265 saxa
2092 1202 2223 1264 tam
2278 1196 2583 1280 granitica

247 1302 501 1383 aliaqua
554 1301 802 1364 duriora
863 1319 1047 1382 quam
1123 1301 1427 1375 calcares,
1498 1303 1784 1385 scopulos
1850 1303 2157 1379 marinos,
2223 1300 2395 1384 ligna
2462 1301 2579 1364 cet.

246 1404 482 1486 passim
529 1421 639 1484 per
683 1402 1029 1484 provincias
1074 1403 1254 1468 facile
1298 1422 1527 1468 omnes,
1619 1405 1883 1469 Fructus
1926 1424 2045 1469 non
2091 1404 2237 1468 rari.

392 1520 566 1573 Etiam
606 1520 712 1572 haec
748 1519 1034 1574 innumeris
1071 1520 1254 1577 formis
1289 1520 1422 1577 adeo
1457 1523 1623 1586 ludit,
1664 1526 1724 1577 nt
1759 1540 1850 1593 per
1887 1523 2096 1577 diversa
2131 1521 2342 1590 quidem
2376 1535 2573 1589 genera.

247 1608 374 1662 illas
428 1606 746 1660 distribuere
802 1608 979 1660 conati
1030 1607 1137 1661 sint
1189 1614 1444 1662 auctores.
1517 1608 1741 1663 Ultimis
1778 1625 1898 1663 vero
1935 1608 2204 1663 decenniis
2240 1623 2420 1661 omnes
2457 1621 2579 1658 con·

245 1694 478 1748 sentiere
516 1697 778 1756 auctores,
819 1710 997 1747 omnes
1032 1694 1129 1747 has
1166 1694 1361 1749 formas
1397 1695 1634 1764 ejusdem
1672 1713 1784 1750 esse
1821 1696 2066 1765 originis,
2094 1693 2259 1747 donec
2282 1693 2581 1763 nuperrime

247 1781 360 1835 Cel.
405 1779 674 1849 Nylander
720 1796 909 1834 novam
957 1782 1187 1834 tentavit
1233 1781 1658 1851 dispositionem,
1697 1782 1903 1838 diverso
1940 1800 1972 1837 a
2008 1769 2059 1835 Κ
2094 1783 2374 1851 provocato
2412 1778 2584 1833 colore

247 1868 456 1922 fultam.
529 1866 602 1919 In
653 1866 895 1919 omnibus
947 1868 1081 1921 enim
1124 1868 1323 1936 sormi-3
1373 1873 1604 1922 stratum
1655 1870 1901 1923 corticale
1949 1868 2151 1922 latescit
2166 1907 2179 1930 ,
2227 1867 2284 1920 in
2320 1864 2585 1919 nonnullis

249 1956 412 2009 etiam
468 1952 695 2006 medulla
749 1952 971 2007 eundem
1008 1953 1215 2006 obtinet
1269 1954 1517 2015 colorem,
1574 1956 1626 2008 in
1664 1955 1785 2009 aliis
1820 1971 1924 2009 non
1960 1958 2210 2007 mutatur.
2284 1952 2378 2006 Hae
2415 1950 2485 2020 (K
2513 1954 2584 2017 ὲ)

251 2042 527 2096 obtinuere
564 2054 754 2092 nomen
791 2039 892 2092 Pk.
929 2041 1167 2094 stellaris
1202 2040 1310 2110 (L.)
1347 2041 1494 2110 Nyl.,
1531 2041 1637 2094 illoe
1674 2030 1823 2122 (Kss)
1861 2042 1960 2094 Ph.
1995 2041 2203 2108 tripolin
2239 2040 2421 2104 (Ach.)
2457 2038 2581 2107 Nyl.

252 2129 307 2181 in
345 2127 471 2181 Not.
511 2124 694 2179 Sansk.
733 2143 813 2198 pr.
851 2127 914 2180 F.
951 2131 1008 2180 et
1032 2127 1074 2180 F
1078 2127 1113 2180 1.
1146 2127 1311 2182 Fenn.
1332 2127 1488 2181 Fsrh.
1510 2128 1584 2181 xl
1605 2145 1657 2197 p.
1679 2128 1800 2181 180.
1841 2127 2011 2195 Quum
2029 2145 2152 2181 vero
2170 2125 2310 2180 haud
2336 2141 2452 2177 raro
2471 2140 2583 2181 am-

251 2216 467 2284 biguum
524 2214 672 2267 nobis
726 2214 799 2267 sit
846 2214 1042 2277 visum,
1091 2231 1214 2268 uum
1271 2214 1395 2267 talis
1449 2215 1590 2268 color
1644 2215 1806 2269 fuerit
1841 2219 2154 2285 provocatus
2190 2228 2380 2274 necne,
2418 2210 2581 2264 ratio·

251 2318 374 2356 nem
427 2301 776 2355 sufficientem
831 2317 933 2355 non
987 2302 1283 2355 invenimus
1337 2300 1431 2355 has
1487 2300 1743 2371 '‘species''
1797 2300 2133 2370 agnoscendi.
2178 2331 2243 2341 —
2290 2296 2586 2367 Apothecia

256 2389 505 2460 pruinosa.
547 2387 630 2441 vel
687 2386 850 2456 (apud
902 2391 958 2457 β.
1016 2387 1196 2458 vulgo)
1250 2387 1413 2451 nuda,
1470 2389 1639 2458 primo
1682 2404 1931 2452 concava,
1980 2387 2103 2441 dein
2138 2383 2464 2457 planiuscula
2500 2382 2585 2457 vel

251 2491 506 2538 convexa,
545 2490 660 2529 raro
715 2473 855 2528 ultra
902 2474 934 2525 2
983 2489 1107 2527 mm.
1144 2472 1304 2529 diam.
1344 2474 1477 2539 lata3
1535 2490 1700 2545 sporae
1736 2491 1897 2545 quam
1932 2474 2033 2528 Ph.
2063 2470 2453 2544 pulverulenta:
2488 2470 2583 2524 mi·

245 2577 446 2629 nores,
482 2563 781 2625 0,016--26
819 2577 940 2613 mm.
978 2559 1146 2630 longoe
1184 2563 1240 2614 et
1274 2564 1563 2623 Quos—11
1611 2577 1737 2615 mm.
1775 2577 1976 2614 crassae.

396 2648 509 2702 ssbs.
582 2647 798 2701 Summa
853 2647 1127 2717 voluptate
1165 2648 1298 2700 varii
1334 2651 1573 2701 auctores
1616 2648 1674 2701 in
1718 2647 1940 2701 diversis
1976 2644 2157 2698 formis
2194 2641 2584 2712 distinguendis

252 2734 686 2802 norninandisque
734 2732 878 2787 fuere
925 2734 1140 2787 versati.
1222 2731 1347 2798 Qnae
1382 2733 1522 2803 apud
1558 2733 1841 2802 scriptores
1878 2731 2271 2785 scandinavicos
2308 2729 2583 2784 inveniun-

249 2821 362 2882 tur,
400 2820 478 2873 ita
518 2825 740 2890 possunt
784 2819 1021 2889 disponi:

957 2941 1020 2993 A.
1093 2939 1285 2992 Forma
1307 2939 1583 3008 primaria,
1623 2941 1900 3009 adpressa.

390 3059 436 3096 a.
511 3046 783 3112 genuina
834 3042 1052 3106 (Isae'chen
1093 3043 1329 3097 stellaris
1373 3043 1500 3096 Ach.
1537 3044 1723 3098 Prodr.
1762 3061 1810 3114 p.
1853 3043 1981 3104 111,
2021 3043 2295 3099 Parmelia
2332 3043 2495 3097 Meth.
2534 3060 2583 3112 p.

255 3129 383 3190 209,
441 3128 594 3183 Univ.
653 3146 700 3199 p.
745 3130 874 3192 476,
932 3129 1050 3183 Vet.
1107 3126 1203 3183 Ak.
1266 3129 1453 3184 Handl.
1504 3131 1642 3184 1810
1686 3148 1734 3200 p.
1773 3130 1900 3193 218,
1939 3131 2060 3199 Syn.
2100 3149 2149 3201 p.
2189 3132 2317 3195 216;
2357 3130 2586 3200 Playscia

252 3217 490 3270 stellaris
527 3237 581 3268 α.
623 3216 742 3285 Nyl.
782 3216 967 3270 Scand.
1006 3234 1056 3286 p.
1099 3217 1250 3285 111):
1288 3217 1490 3271 laciniae
1527 3232 1789 3277 convexae,
1830 3216 2040 3269 rhizinae
2077 3218 2395 3287 pallidiores.

395 3323 447 3354 α.
488 3303 710 3357 radiata
744 3303 873 3356 Ach.
912 3301 1067 3356 Univ.
1106 3321 1158 3372 p.
1199 3305 1318 3367 477,
1359 3304 1477 3358 vet.
1515 3306 1614 3359 Ak.
1656 3301 1846 3356 Handl.
1887 3303 2026 3356 1810
2061 3322 2113 3374 p.
2157 3305 2282 3357 219:
2311 3302 2588 3374 apothecis

255 3390 526 3459 pruinosa,
565 3390 801 3457 margine
840 3389 1046 3458 integro
1086 3389 1159 3458 (K
1190 3399 1261 3454 ὲ)
1283 3390 1353 3454 1’).

397 3482 451 3547 β.
491 3478 738 3531 rosulata
777 3475 904 3528 Ach.
926 3475 982 3528 ll.
1022 3492 1123 3528 cc.:
1164 3477 1443 3546 apothecis
1476 3475 1633 3539 nuda,
1671 3477 1906 3546 margine
1934 3478 2121 3546 saepius
2146 3475 2373 3530 flexuoso
2398 3474 2470 3536 (K
2496 3476 2583 3543 ὲ).

393 3562 442 3615 b.
472 3564 712 3630 aipoua
746 3562 876 3615 Ach.
915 3563 1136 3630 (Lichen
1173 3563 1355 3617 Prodr.
1395 3581 1442 3633 p.
1482 3564 1611 3625 112,
1659 3564 1935 3618 Parmelia
1968 3563 2136 3616 Meth.
2176 3580 2227 3633 p.
2266 3562 2386 3624 209,
2426 3561 2584 3615 Univ.

251 3668 306 3721 p.
344 3651 474 3712 477,
530 3649 650 3703 Vet.
705 3648 801 3702 Ak.
839 3647 1033 3704 Handl.
1072 3650 1211 3702 1810
1246 3668 1297 3720 p.
1340 3649 1466 3713 219,
1506 3648 1627 3718 Syn.
1664 3668 1715 3720 p.
1755 3652 1883 3716 215-,
1938 3651 2166 3720 Physcia
2201 3650 2438 3703 stellaris
2476 3664 2585 3701 var.

253 3738 460 3807 aipolia
506 3735 626 3804 Nyl.
673 3733 857 3789 Scand.
903 3754 952 3806 p.
993 3736 1143 3800 111):
1182 3735 1383 3790 laciniae
1419 3736 1781 3806 planiusculae,
1821 3738 2035 3790 rhizinae
2071 3737 2421 3799 obscuriores,
2460 3750 2586 3806 apo-

257 3824 433 3878 thecis
468 3822 715 3893 pruinosa
739 3822 837 3876 vel
874 3823 1167 3892 epruinosa.

393 3929 447 3961 α.
487 3910 660 3962 acrita
695 3908 826 3962 Aah.
865 3909 1021 3963 Univ.
1059 3927 1110 3979 p.
1150 3909 1280 3969 477,
1320 3906 1440 3961 Vet.
1481 3908 1576 3961 Ak.
1614 3908 1805 3963 Handl.
1846 3910 1881 3963 l.
1921 3927 1986 3972 c.,
2026 3910 2147 3980 Syn.
2174 3926 2225 3978 p.
2254 3909 2373 3969 215,
2401 3905 2585 3960 Smrft.

253 3997 433 4068 Snppl.
472 4015 524 4068 p.
564 3997 691 4049 111:
740 3995 941 4049 laciniae
977 3998 1237 4065 contiguae
1274 3993 1501 4058 (ambitu
1536 4012 1723 4065 parum
1760 3996 2049 4066 discretae),
2108 4001 2291 4052 centro
2328 4012 2463 4064 saepe
2502 4010 2587 4046 ru-

251 4101 419 4154 gosae3
459 4085 672 4138 rhizinae
709 4082 1117 4146 cinerescentes3
1155 4080 1550 4150 apotheciorum
1587 4098 1769 4153 margo
1804 4084 2013 4154 integer
2049 4073 2170 4166 (Kss
2209 4087 2265 4138 et
2300 4082 2349 4135 K
2379 4084 2468 4151 ὲ).

389 4174 447 4240 β.
484 4169 711 4224 cercidia
755 4169 885 4222 Ach.
939 4168 1093 4222 Univ.
1132 4187 1185 4239 p.
1224 4167 1356 4230 478,
1407 4166 1529 4222 Vct.
1567 4168 1668 4223 Ak.
1707 4170 1898 4226 Handl.
1937 4172 2075 4224 1810
2109 4189 2161 4242 p.
2202 4173 2334 4235 220,
2374 4170 2496 4238 Syn.
2534 4186 2587 4238 p.

255 4257 385 4308 215:
436 4255 638 4308 laciniae
684 4255 970 4324 contiguae,
1020 4258 1198 4309 centro
1245 4256 1403 4325 vulgo
1451 4273 1676 4326 rugosae,
1728 4257 1940 4311 rhizinae
1975 4258 2327 4327 nigricantes3
2367 4254 2587 4325 apothe-

397 4426 450 4494 ¹⁶)
503 4424 628 4490 Quae
681 4426 745 4480 de
797 4428 1064 4481 reactione
1118 4427 1355 4482 chemica
1405 4428 1545 4499 apud
1581 4429 1677 4483 has
1713 4431 1906 4485 formas
1942 4430 2231 4485 afferuntur
2246 4469 2262 4492 ,,
2301 4426 2591 4498 respiciunt

239 4512 541 4583 specimina
578 4512 633 4566 in
672 4514 814 4568 herb.
850 4515 1040 4569 Achar.
1071 4518 1363 4569 asservata.
