3177 5011
1698 285 1825 350 428

633 427 731 483 Ak.
791 431 974 489 Handl.
1023 435 1162 489 1808
1207 454 1258 507 p.
1310 435 1440 500 266,
1491 436 1644 492 Univ.
1692 453 1742 507 p.
1790 434 1893 490 198
1942 439 2072 503 (α.),
2121 436 2242 506 Syn.
2289 439 2474 508 (1814)
2522 457 2573 510 p.
2621 440 2717 502 36,
2754 438 2939 495 Smrft.

633 515 810 588 Suppl.
865 538 914 591 p.
971 522 1093 585 165,
1151 524 1271 593 Nyl.
1325 524 1507 578 Scand.
1562 543 1613 595 p.
1672 526 1775 576 200
1824 529 1897 593 (p.
1946 541 1993 593 p.
2048 527 2104 578 et
2160 525 2285 579 excl.
2341 527 2531 580 omnib.
2568 527 2943 597 subspecieb.),

632 604 795 676 Lapp.
844 624 915 661 or.
967 628 1014 680 p.
1052 611 1155 664 145
1193 613 1341 675 (excl.
1382 613 1653 682 subspec.).
1696 641 1755 650 -—-
1797 612 2029 664 Biatora
2063 610 2151 663 Fr.
2190 612 2305 666 Vet.
2346 613 2439 669 Ak.
2481 613 2669 667 Handl.
2709 614 2847 667 1822
2884 633 2937 685 p.

632 692 767 756 271,
805 693 855 747 S.
891 695 954 748 V.
993 696 1070 752 Sc.
1110 716 1161 769 p.
1203 700 1303 752 112
1342 702 1451 770 (α),
1491 700 1586 753 Th.
1625 698 1711 752 Fr.
1751 698 1891 752 Aret.
1928 716 1977 767 p.
2020 699 2136 752 191.

767 782 998 837 Biatora
1033 788 1268 841 vernalis
1299 788 1344 840 b.
1382 788 1769 856 conqlovncrata
1806 785 1890 838 Fr.
1929 785 1985 838 L.
2028 784 2087 839 E.
2124 804 2172 855 p.
2217 789 2334 841 261.

773 869 1004 925 Biatora
1039 876 1427 943 conglomerata
1461 873 1620 926 Korb.
1657 873 1792 942 Syst.
1832 889 1881 942 p.
1920 873 2039 926 204.

772 954 905 1008 Exs.
945 960 1001 1012 et
1036 960 1174 1030 Fig.
1249 961 1307 1014 L.
1345 962 1430 1015 Su.
1470 962 1590 1014 224.
1635 991 1691 999 -
1733 959 1913 1013 Stenh.
1953 959 2022 1011 54
2058 958 2118 1012 A.
2154 949 2221 1000 ’-
2257 959 2335 1012 Fl.
2374 960 2436 1012 D.
2476 963 2628 1015 2508.
2669 965 2699 1014 2
2738 964 2831 1029 (Ρ).

803 1042 999 1128 Supra
1053 1067 1294 1113 muscos
1352 1049 1724 1123 destructos.
1789 1047 1986 1111 rarius
2041 1046 2117 1110 ad
2176 1049 2433 1112 cortices
2486 1048 2774 1134 lignaque
2830 1071 2937 1115 ve—

632 1143 828 1223 tusta,
887 1169 995 1231 per
1038 1152 1234 1216 totam
1285 1151 1573 1218 Sueciam
1630 1151 1929 1235 (exceptis
1977 1149 2192 1215 insulis
2237 1151 2529 1217 Oelaudia
2574 1152 2938 1217 Gotlandia-

630 1267 775 1330 que,
843 1252 1002 1317 unde
1067 1256 1331 1320 nondum
1406 1255 1739 1339 indicata),
1810 1254 2223 1337 Norvcyiam,
2298 1256 2611 1320 meiam
2675 1257 2938 1340 passim,

629 1353 933 1436 praecipue
1000 1357 1061 1420 in
1129 1357 1353 1441 alpinis
1420 1358 1845 1441 montanisque
1914 1357 2177 1441 copiosa.
2265 1359 2336 1422 In
2408 1359 2604 1424 Dania
2671 1361 2939 1424 nondum

627 1451 890 1520 inventa.

771 1557 846 1611 Ut
880 1576 1059 1616 omnes
1095 1564 1292 1633 species
1328 1564 1436 1618 late
1473 1564 1770 1619 distributae
1806 1563 2147 1632 vulgaresque
2184 1566 2268 1617 sat
2298 1566 2517 1617 varians.
2568 1564 2735 1633 Vulgo
2762 1567 2939 1618 tamen

629 1642 782 1698 facile
830 1644 1179 1716 dignoscitur;
1230 1654 1438 1706 tantum
1483 1653 1769 1722 specimina
1814 1653 1988 1704 crusta
2033 1650 2280 1704 crassiore
2333 1651 2551 1719 praedita
2588 1668 2706 1705 cum
2740 1652 2805 1705 L.
2843 1669 2936 1706 cu-

619 1749 763 1800 prea
807 1735 1070 1791 interdum
1118 1743 1338 1807 possunt
1382 1737 1719 1793 commisceri.
1762 1768 1822 1776 —
1863 1735 2053 1789 Crusta
2106 1753 2239 1789 nunc
2278 1738 2605 1799 tenuissima,
2646 1738 2753 1792 fere
2788 1739 2940 1792 obso-

630 1818 766 1883 leta,
806 1838 941 1877 nunc
978 1826 1210 1882 crassior.
1255 1826 1539 1894 reagentiis
1584 1825 1757 1878 solitis
1794 1839 1895 1876 non
1931 1821 2208 1875 admodum
2248 1825 2468 1875 mutata.
2542 1824 2836 1893 Apothecia
2872 1825 2940 1878 ad

630 1908 660 1958 1
699 1924 822 1961 mm.
862 1909 972 1964 lata
1007 1929 1054 1967 v.
1095 1912 1379 1982 paullulum
1429 1913 1596 1972 ultra,
1645 1928 1824 1981 sparsa
1859 1927 1906 1962 v.
1944 1908 2179 1963 conferta
2214 1910 2715 1980 conglomerataque.
2788 1911 2947 1965 Color

630 1996 977 2068 maximopere
1014 2000 1184 2053 variat
1221 2017 1249 2054 e
1287 2000 1481 2070 pallido
1516 2016 1679 2068 usque
1715 1999 1768 2051 in
1807 1995 2294 2065 atrosanguineutn.
2329 1996 2446 2058 sed,
2486 2000 2547 2050 ut
2582 2007 2724 2052 recte
2762 2003 2943 2053 monet

629 2080 833 2145 Smrft.‚
883 2084 1010 2138 ”etsi
1059 2091 1225 2143 rarius
1271 2089 1324 2142 in
1371 2090 1573 2142 fuscum
1620 2085 1706 2139 vel
1752 2083 2146 2154 ruso-pallidum
2183 2083 2318 2146 abit,
2356 2087 2534 2137 tamen
2571 2085 2711 2139 color
2748 2086 2942 2155 princi·

626 2168 761 2237 palis
805 2170 1021 2226 elucet.”
1093 2175 1336 2229 Mor-bosa
1385 2173 1754 2242 abnormiaquc
1803 2171 2066 2226 interdum
2102 2170 2309 2225 sordide
2345 2170 2576 2225 colorata
2611 2174 2667 2226 et
2702 2173 2946 2243 subgela-

632 2247 828 2322 tifiosa3
871 2258 1137 2314 filamenta
1174 2259 1451 2314 ”Toruloe'’
1488 2261 1802 2330 irreptantia
1837 2274 2041 2328 quoque
2079 2258 2422 2327 reperiuntur.
2472 2258 2756 2314 Rarissime
2781 2278 2946 2315 unum

633 2342 923 2400 alterumve
960 2346 1224 2401 invenitur
1261 2347 1493 2416 margine
1530 2345 1811 2416 praeditum
1847 2345 2119 2415 pallidiore
2166 2361 2284 2398 mox
2331 2346 2564 2400 evanido.
2637 2347 2946 2418 Excipulum

633 2447 887 2494 crassum,
942 2434 1314 2501 incoloratnm,
1368 2433 1620 2488 lui-colum
1677 2449 1724 2484 v,
1773 2432 1940 2486 dilute
1988 2430 2542 2486 fuscidulo·luteolu1n.
2614 2435 2946 2505 Paraphyses

631 2520 756 2572 totae
810 2520 975 2575 dilute
1021 2522 1229 2575 luteolae
1276 2519 1859 2582 fuscidulo-luteolaeve,
1904 2519 2106 2588 apicem
2142 2534 2321 2571 versus
2358 2535 2459 2572 non
2494 2520 2650 2575 aliter
2686 2523 2942 2576 coloratae.

629 2606 752 2658 Asci
799 2607 1008 2663 clavati.
1080 2610 1251 2679 Sporae
1297 2608 1530 2677 oblongae
1568 2624 1614 2660 v.
1654 2603 2221 2675 oblongo-ellipsoideae
2258 2605 2536 2671 (immixtis
2571 2610 2750 2678 paucis
2786 2609 2940 2680 ellip-

629 2692 872 2763 soideis),
929 2696 1095 2749 alt-ero
1148 2696 1294 2765 apice
1349 2694 1613 2747 interdum
1669 2690 2022 2759 angustioreS,
2071 2692 2303 2745 tenuiter
2346 2692 2606 2756 limbatas,
2644 2697 2942 2757 0,010—2o

631 2796 754 2832 mm.
803 2781 968 2849 longae
1014 2785 1069 2836 et
1104 2786 1363 2843 0‚004--6
1403 2798 1524 2834 mm.
1565 2797 1762 2833 crassae.
1836 2777 1969 2831 Jodo
2008 2778 2184 2831 vinose
2222 2779 2375 2833 rubet
2413 2781 2747 2843 fulvescitve,
2787 2783 2945 2852 vulgo

631 2867 951 2935 praecedente
1007 2869 1394 2922 caerulesccntia
1446 2867 1712 2921 levissima
1766 2865 2227 2935 fugacissimaque;
2284 2869 2461 2936 apices
2510 2886 2745 2922 ascerum
2784 2871 2944 2940 vulgo

628 2954 918 3022 persistunt
954 2957 1173 3012 caerulei.
1233 2940 1282 3009 1'(
1324 2958 1379 3009 et
1438 2953 1556 3024 NOgb
1612 2946 1689 3007 nil
1738 2952 1994 3021 insignius
2042 2956 2222 3023 agunt.
2295 2954 2588 3025 Spermatia
2633 2962 2719 3021 <ex
2756 2956 2944 3026 Madd)

628 3040 1241 3110 cylindrico-acicularia‚
1281 3044 1506 3097 curvata.

769 3128 882 3184 obs.
927 3132 969 3185 1.
1040 3131 1186 3185 Inter
1222 3145 1520 3183 numerosas
1557 3127 1712 3195 hujus
1748 3126 1940 3180 formas
1966 3125 2223 3179 nonnullae
2248 3127 2472 3196 propriis
2497 3127 2794 3183 nominibus
2819 3137 2945 3186 sunt

630 3214 817 3284 dignae.
894 3218 1073 3283 Qualis
1098 3222 1181 3273 est
1217 3218 1250 3271 f.
1289 3219 1485 3270 τ’νισαηα
1521 3214 1773 3283 (Lecidea
1808 3214 2006 3267 incana
2041 3211 2218 3266 Smrft.
2257 3213 2434 3284 Suppl.
2473 3234 2520 3285 p.
2562 3217 2680 3279 164,
2720 3218 2790 3270 B.
2826 3234 2941 3272 ver-

628 3305 773 3357 nalis
816 3310 867 3375 β.
912 3298 1110 3359 incana
1146 3305 1242 3358 Th.
1281 3304 1364 3358 Fr.
1410 3304 1549 3356 Aret.
1590 3318 1636 3369 p.
1680 3300 1803 3369 192)
1840 3302 2016 3353 crusta
2059 3300 2332 3363 crassiore,
2388 3302 2939 3373 granulato-pulvcru-

629 3389 797 3447 lenta.
843 3392 1483 3461 pallescent-i·virescente.
1561 3388 1657 3441 Est
1693 3387 1902 3441 omnino
1940 3386 2303 3451 accidentali8‚
2340 3388 2393 3442 in
2428 3388 2732 3443 Finrnarkia
2766 3390 2939 3444 Nord-

630 3477 909 3548 landiaque
946 3479 1225 3549 aliquando
1260 3479 1409 3531 lecta.
1485 3476 1710 3530 Leo-idea
1746 3475 1942 3527 incana
1976 3474 2103 3527 Ach.
2144 3474 2261 3543 Syn.
2302 3494 2349 3545 p.
2389 3476 2456 3528 36
2502 3475 2720 3543 (Lae‘claen
2754 3477 2938 3531 Prodr.

628 3585 676 3637 p.
717 3569 773 3631 73
814 3566 1083 3635 Lepraria
1119 3565 1281 3619 Meth.
1321 3583 1368 3634 p.
1409 3564 1468 3626 4,
1509 3561 1660 3615 Univ.
1700 3580 1747 3632 p.
1787 3562 1915 3630 665)
1952 3578 2052 3614 nou
2091 3565 2172 3614 est
2207 3562 2414 3628 eadem,
2455 3562 2545 3616 sed
2583 3567 2759 3617 crusta
2783 3562 2940 3618 steri-

628 3653 710 3715 lis,
751 3654 1135 3724 pulverulenta,
1175 3668 1277 3706 non
1315 3648 1723 3705 determinanda.
1753 3678 1819 3687 —
1842 3647 2066 3700 Scor-sim
2102 3649 2333 3703 notanda
2368 3653 2450 3704 est
2474 3667 2675 3720 quoque
2702 3650 2736 3705 f.
2765 3652 2942 3706 minor

628 3742 748 3810 Nyl.
803 3738 965 3811 Lapp.
1017 3760 1089 3796 or.
1128 3759 1176 3810 p.
1217 3740 1320 3792 145
1356 3739 1410 3807 (*
1430 3738 1495 3791 L.
1535 3738 1708 3790 minor
1744 3734 1861 3804 Nyl.
1900 3734 2023 3788 Not.
2061 3735 2244 3789 Sallsk.
2284 3755 2332 3807 p.
2371 3737 2429 3790 F.
2468 3742 2524 3791 et
2559 3738 2636 3791 Fl.
2676 3737 2732 3791 F.
2777 3737 2935 3791 Foth.

627 3828 757 3880 XIII
795 3846 842 3898 p.
883 3830 1009 3893 335)
1049 3826 1319 3888 corticola‚
1357 3824 1648 3894 apotheciis
1684 3821 1839 3875 solito
1878 3821 2042 3874 multo
2082 3822 2366 3876 minoribus
2404 3826 2546 3890 (circ.
2582 3828 2773 3885 O,2-4
2809 3841 2933 3877 mm.

629 3913 790 3975 lat-is).
866 3914 1028 3967 Lecta
1064 3918 1146 3967 est
1181 3912 1247 3968 ad
1286 3912 1503 3965 cortices
1541 3908 1725 3962 Salicis
1761 3925 1919 3978 prope
1957 3907 2201 3963 Tromsoe
2240 3910 2388 3980 (ipsi)
2432 3914 2489 3964 et
2531 3911 2598 3966 ad
2645 3911 2935 3966 Enontekis

628 4000 700 4065 (J.
740 3999 798 4052 P.
837 4000 1075 4064 Norrlin‚
1101 4001 1261 4055 etiam
1300 4017 1338 4051 s.
1376 4015 1426 4051 n.
1468 3995 1673 4050 ”Lecta
1714 3995 1947 4048 me’nutcffl
1983 3995 2143 4065 Nyl.).
2170 4024 2236 4035 —-
2259 3997 2432 4067 Sporoe
2457 3998 2935 4069 pseudo-dyblastae

626 4103 672 4140 v.
728 4087 961 4140 tenuiter
1014 4089 1324 4157 uniseptatae
1376 4085 1592 4138 minime
1641 4097 1756 4135 raro
1806 4085 1928 4134 sunt
1963 4083 2238 4145 imminui,
2278 4085 2371 4139 sed
2406 4086 2461 4138 in
2496 4086 2787 4155 apotheciis
2823 4086 2933 4141 fere

626 4173 865 4228 omnibus
901 4178 1120 4243 possunt
1155 4172 1346 4241 detegi.
1420 4171 1547 4223 Eam
1587 4169 1652 4223 ob
1688 4185 1923 4222 caussam
1961 4168 2067 4224 fere
2104 4171 2279 4224 omnia
2314 4173 2598 4242 specimina
2633 4174 2816 4227 referri
2839 4173 2931 4227 de·

625 4260 808 4315 herent
857 4261 923 4314 ad
970 4260 1002 4313 f.
1049 4260 1408 4328 subduplicem
1454 4257 1575 4325 Nyl.
1629 4255 1810 4310 Scand.
1849 4274 1897 4325 p.
1938 4257 2054 4316 201,
2092 4257 2253 4327 Lapp.
2293 4275 2364 4311 or.
2403 4278 2452 4330 p.
2492 4261 2592 4313 145
2630 4261 2683 4330 ζ*
2704 4260 2768 4313 L.
2805 4261 2928 4314 sub·

624 4348 887 4417 duplicem
925 4348 1045 4402 Not.
1084 4347 1266 4402 Sallsk.
1305 4364 1353 4416 p.
1394 4345 1451 4398 F.
1489 4349 1544 4398 et
1580 4342 1659 4397 Fl.
1700 4341 1756 4395 F.
1796 4342 1949 4398 Ferh.
1988 4344 2118 4397 XIII
2155 4362 2202 4414 p.
2243 4345 2383 4407 335).

763 4435 875 4490 obs.
912 4434 962 4488 2.
1034 4433 1199 4487 Nobis
1247 4433 1429 4499 ignota
1473 4429 1724 4483 ”Locidea
1768 4431 2022 4484 sarcodea
2067 4431 2186 4501 Nyl.
2237 4432 2414 4502 [Flora
2458 4434 2596 4487 1865
2643 4452 2690 4504 p.
2743 4435 2797 4505 5]
2844 4434 2929 4488 vix

622 4524 703 4574 est
747 4523 847 4575 nisi
896 4520 1122 4574 varietas
1167 4517 1399 4572 Lecidcae
1433 4516 1690 4577 vernalis,
1728 4515 1817 4569 sed
1855 4517 2132 4586 apothecia
2168 4519 2492 4588 planiuscula
2528 4524 2930 4588 (carneo-testa·
