3177 5011
1305 307 1428 375 593

198 457 383 529 magis
420 461 699 530 granulosa
734 461 818 519 vel
854 464 1340 536 subpulverulenta,
1389 464 1615 536 primum
1662 463 2026 521 flavescentem
2041 505 2053 529 ,
2105 464 2223 520 dein
2260 464 2523 533 aurantia-

199 562 330 600 cum
368 549 562 633 accipit
596 550 837 606 colorem.
916 552 1018 607 Ubi
1055 556 1142 618 (ut
1174 552 1438 608 interdum
1474 552 1559 617 fit)
1606 554 1661 607 in
1698 551 1888 607 flavum
1927 553 2128 623 vergit,
2177 540 2252 608 Ca
2271 541 2335 608 (ΣΙ
2370 553 2522 609 rube-

197 635 325 688 scit.
375 665 439 675 -
489 636 539 690 Κ
584 637 701 707 plns
747 639 919 693 minus
973 640 1221 695 distincte
1276 638 1550 695 sordideve
1594 639 1843 694 flavescit.
1919 640 2021 695 Ubi
2071 656 2193 695 vero
2230 644 2406 695 crusta
2440 644 2525 696 est

200 720 495 777 flavescens
530 739 577 776 v.
615 724 809 795 pallide
846 727 1151 797 sulphurea,
1187 744 1289 782 non
1326 730 1576 781 mutatur.

354 882 465 937 obs.
503 881 553 935 2.
626 882 936 950 Acharium‚
973 900 1130 953 quum
1169 882 1444 938 Lachetem
1472 901 1819 953 paramentum
1854 884 1907 938 in
1945 884 2126 939 Prodr.
2164 884 2349 952 (1798)
2377 902 2425 955 p.
2455 884 2525 937 64

201 968 505 1036 proposuit,
535 968 631 1022 hoc
656 970 863 1023 nomine
897 972 1180 1041 respexisse
1205 974 1262 1025 et
1285 973 1535 1041 speciem,
1565 972 1628 1026 de
1655 990 1758 1041 qua
1781 988 1915 1026 nunc
1940 974 2140 1043 agitur,
2168 975 2223 1027 et
2248 972 2523 1026 Leeideam

202 1054 601 1109 elaeochromam
649 1056 960 1126 insuperque
1007 1057 1178 1112 varios
1222 1058 1353 1112 alios
1388 1059 1686 1113 subsimiles
1720 1060 1974 1123 lichenes),
2013 1062 2156 1114 certo
2192 1061 2275 1113 est
2310 1058 2519 1113 certius.

203 1139 272 1193 In
313 1141 477 1195 Meth.
505 1160 554 1212 p.
582 1145 677 1206 35,
718 1142 833 1198 Vet.
872 1144 968 1197 Ak.
996 1144 1183 1198 Handl.
1213 1144 1351 1197 1808
1387 1163 1439 1215 p.
1467 1145 1571 1198 259
1597 1150 1653 1200 et
1677 1145 1828 1200 Univ.
1856 1165 1904 1216 p.
1929 1148 2032 1200 175
2056 1145 2334 1200 Ledaeam
2351 1160 2523 1213 para-

205 1242 408 1282 semam
460 1230 515 1282 in
569 1230 742 1300 plures
780 1231 1062 1286 varietates
1098 1231 1306 1293 divisit,
1355 1235 1409 1285 et
1446 1231 1578 1285 hanc
1616 1234 1890 1287 Ruelliam
1925 1236 2039 1286 tum
2075 1232 2367 1286 invenimus
2404 1233 2522 1284 tan-

204 1315 483 1370 tummodo
519 1317 587 1371 ad
621 1339 669 1371 α.
710 1318 940 1388 (specim.
979 1317 1249 1382 corticola)
1295 1321 1350 1372 et
1390 1339 1424 1368 ι.
1461 1320 1831 1389 saprophilam
1868 1319 2104 1374 relatam.
2176 1318 2405 1373 Leeidea
2439 1334 2524 1372 en-

205 1402 474 1457 teroleuca
528 1404 623 1457 Th.
673 1404 758 1458 Fr.
808 1404 949 1459 Aret.
989 1423 1030 1458 s.
1069 1406 1135 1459 L.
1164 1421 1456 1474 parasema
1492 1404 1612 1474 Nyl.
1651 1405 1745 1458 sub
1782 1406 1901 1459 aliis
1937 1405 2148 1475 quidem
2187 1421 2321 1458 varr.
2359 1405 2522 1458 etiam

207 1487 369 1553 latet,
427 1491 700 1561 proecipue-
739 1509 862 1547 vero
915 1493 1011 1545 sub
1059 1498 1114 1562 β.
1163 1493 1525 1555 εῖωοσὴνοηια,
1581 1507 1693 1560 quae
1729 1492 1784 1545 in
1820 1491 1945 1545 Ach.
1985 1491 2106 1561 Syn.
2144 1509 2237 1561 pro
2272 1490 2525 1545 distincta

207 1575 385 1643 specie
424 1575 659 1631 habetur.
733 1579 956 1632 Etiamsi
1003 1580 1167 1650 igitur
1202 1579 1459 1634 Acharius
1495 1580 1591 1634 has
1625 1580 1824 1649 speeies
1860 1578 2108 1633 distincte
2146 1594 2385 1649 separare
2422 1593 2522 1630 non

210 1661 408 1725 valuit,
465 1664 769 1719 concludere
815 1683 1114 1736 possumus,
1162 1665 1314 1720 illum
1358 1666 1565 1720 nomine
1601 1682 1905 1734 parasemce
1939 1665 2195 1735 praecipue
2240 1663 2523 1733 respexisse

211 1749 491 1803 Ruelliana
536 1753 592 1803 et
635 1752 978 1807 eloeoclzromoe
1022 1752 1313 1807 Lac-ideam.
1386 1753 1440 1807 Si
1475 1768 1665 1807 nomen
1697 1766 1995 1821 parasmnoe
2028 1752 2270 1805 nolumus
2293 1749 2524 1804 Ruellice

209 1834 444 1890 tribuere
500 1836 615 1901 (sed
668 1838 990 1907 discifer-mals
1042 1839 1247 1894 aliudve
1296 1839 1656 1905 adhibemus),
1712 1839 2042 1909 potissimum
2087 1840 2169 1891 est
2212 1836 2519 1901 delendum3

210 1922 356 1975 nulla
411 1923 597 1979 saltem
645 1924 908 1979 sufficiens
955 1925 1108 1979 adest
1142 1926 1305 1985 ratio,
1344 1941 1435 1979 cur
1471 1924 1704 1980 Lecideoe
1740 1925 1943 1979 cuidam
1981 1924 2314 1995 potissimum
2352 1922 2520 1976 detur.

210 2009 430 2063 Veteres
476 2014 731 2080 praeterea
778 2015 1016 2065 auctores
1066 2018 1139 2077 (v.
1187 2029 1228 2066 c.
1276 2011 1363 2066 Fr.
1411 2011 1555 2066 Lich.
1607 2011 1748 2065 Suec.
1798 2029 1847 2065 n.
1888 2012 1990 2065 215
2028 2014 2084 2065 et
2108 2011 2233 2071 216,
2278 2010 2339 2064 L.
2376 2010 2432 2063 Ε.
2471 2027 2520 2079 p.

212 2096 343 2158 330,
397 2096 579 2167 Wnbg.
629 2098 789 2168 Lapp.
840 2117 891 2168 p.
940 2100 1066 2168 469)
1117 2100 1194 2153 ita
1238 2100 1492 2169 praecipue
1540 2097 1824 2153 adhibuere
1861 2114 2162 2168 parasemoe
2209 2114 2422 2157 nomen,
2463 2099 2524 2150 ut

211 2182 363 2235 nobis
421 2184 590 2238 visum
644 2188 726 2238 est
770 2190 958 2239 ratum.
1008 2216 1070 2225 —
1117 2187 1178 2239 In
1215 2186 1357 2240 herb.
1396 2186 1521 2239 Ach.
1564 2186 1659 2239 sub
1696 2185 1805 2239 solo
1842 2187 2047 2239 nomine
2082 2185 2201 2239 Lec.
2231 2200 2524 2253 parasema

210 2268 364 2322 adest
407 2274 587 2324 nostra
623 2271 842 2324 Ruellia
880 2271 936 2342 (3
972 2273 1237 2343 exempl),
1276 2272 1529 2327 immixtis
1572 2273 1796 2326 Locidea
1834 2273 2170 2327 eloeochroma
2206 2273 2285 2340 (2)
2323 2275 2379 2325 et
2414 2272 2522 2325 Ar-

210 2356 391 2409 thom'a
418 2358 746 2425 proximella
783 2357 899 2426 Nyl.
942 2359 1045 2427 (1);
1086 2360 1393 2429 specimina,
1431 2360 1620 2429 quibus
1655 2359 1977 2429 adscriptum
2017 2358 2104 2412 ”L
2138 2375 2431 2427 par-asenna
2469 2378 2521 2411 α.

214 2443 470 2498 limitum?
508 2445 685 2512 (Univ.
727 2462 774 2515 p.
816 2446 917 2497 175
956 2477 1018 2486 -
1055 2449 1230 2499 crusta
1265 2447 1404 2500 linea
1438 2446 1588 2516 nigra
1625 2447 1868 2516 cingente
1907 2445 2173 2516 dignota),
2219 2461 2350 2497 max.
2389 2447 2522 2514 part.

211 2536 336 2584 sunt
373 2533 491 2586 Lec.
529 2533 866 2588 elaeoehroma
901 2534 958 2602 (3
994 2534 1264 2604 exempl),
1312 2533 1495 2588 addita
1532 2538 1712 2587 nostra
1748 2534 1969 2587 Bucllz‘a
2006 2535 2111 2598 (1),
2151 2533 2300 2601 cujus
2336 2537 2522 2601 proete-

217 2635 305 2671 rea
359 2636 615 2689 perpauca
667 2621 950 2690 specimina
992 2620 1049 2673 in
1097 2621 1243 2674 herb.
1282 2620 1409 2673 Ach.
1449 2620 1543 2673 sub
1581 2620 1646 2673 L.
1677 2637 1969 2688 para-sema
2004 2641 2047 2689 γ.
2078 2625 2345 2688 punctam
2380 2622 2437 2672 et
2474 2615 2523 2673 δ.

213 2706 494 2774 maroles-a,
532 2707 866 2761 elaeochroma
902 2708 1187 2777 (unicum),
1225 2709 1486 2775 mephorea
1516 2710 1571 2762 et
1611 2707 1862 2777 liynirm'a
1898 2706 2234 2760 inveniuntur
2268 2707 2522 2759 immixta.

216 2791 334 2845 Var.
368 2810 667 2848 musmo-um
702 2794 768 2848 ad
806 2795 872 2848 L.
910 2795 1266 2850 sabuletorum
1300 2794 1503 2862 retulit.
1565 2795 1828 2849 Praeterea
1864 2793 2033 2847 varias
2070 2793 2276 2864 plantas
2300 2793 2356 2847 in
2378 2793 2520 2846 herb.

215 2878 277 2931 L.
307 2896 607 2947 parasemoe
642 2880 887 2935 dubitans
929 2883 1171 2952 apposuit
1207 2882 1474 2936 Acharius.

354 3052 465 3118 obs.
503 3055 551 3108 3.
624 3053 799 3107 Lcm'd.
830 3054 1112 3123 papillam
1152 3056 1203 3123 f.
1251 3054 1661 3108 subvin'descens
1707 3050 1824 3120 Nyl.
1873 3051 1929 3104 in
1973 3051 2096 3104 Not.
2143 3051 2326 3104 Sallsk.
2374 3069 2423 3120 p.
2464 3050 2521 3104 F.

215 3142 270 3190 et
307 3138 383 3191 ΡΙ.
421 3139 478 3192 F.
517 3139 670 3206 Fert.
709 3140 838 3193 XIII
877 3159 923 3210 p.
966 3141 1070 3193 340
1103 3141 1281 3195 differt
1318 3140 1469 3193 modo
1505 3143 1681 3193 crusta
1714 3140 1768 3192 in
1805 3138 2005 3192 luteum
2036 3139 2225 3193 leviter
2250 3141 2523 3208 vergente,

217 3223 594 3280 substraminea
631 3214 726 3293 (Ca
745 3215 916 3297 Cl-).
990 3226 1125 3292 Quid
1162 3230 1233 3281 sit
1268 3228 1335 3281 L.
1374 3227 1694 3295 disczjformis
1731 3225 1768 3278 f.
1807 3225 2089 3278 obscurata
2116 3226 2236 3295 Nyl.
2262 3223 2445 3279 Scand.
2472 3241 2520 3293 p.

218 3311 345 3372 237,
391 3311 456 3364 ad
504 3330 627 3366 saxa
668 3314 819 3382 juxta
855 3331 995 3368 mare
1034 3331 1191 3384 prope
1230 3313 1554 3383 Helsingfors
1593 3312 1759 3380 lecta,
1816 3312 2098 3382 specimine
2137 3321 2241 3364 non
2279 3312 2390 3364 viso
2429 3327 2518 3363 no-

215 3399 294 3451 bis
330 3398 560 3452 dubium.
637 3401 816 3453 Varias
872 3401 1097 3471 propriis
1154 3400 1447 3453 nominibus
1492 3400 1545 3451 in
1583 3399 1669 3452 hb.
1712 3416 1841 3453 muS.
1880 3398 2039 3451 Fenn.
2078 3397 2379 3468 designatas
2415 3397 2520 3450 for-

217 3501 322 3538 mas
376 3485 692 3548 omittimuS,
741 3504 899 3555 quum
947 3487 1172 3540 nondum
1220 3487 1326 3540 sint
1374 3486 1568 3556 publici
1603 3485 1737 3553 juris
1772 3485 1934 3538 factm.
1976 3514 2040 3524 --
2077 3483 2157 3538 Ad
2195 3491 2425 3538 nost-ram
2464 3489 2517 3554 β.

218 3572 444 3641 pertinet
496 3571 616 3626 Lee.
669 3573 1006 3627 eloeochroma
1056 3579 1107 3644 β.
1157 3574 1389 3627 achrae'sta
1434 3572 1614 3626 Smrft.
1653 3571 1829 3642 Suppl.
1867 3591 1914 3642 p.
1955 3574 2059 3626 150
2096 3589 2144 3641 p.
2180 3589 2229 3641 p.
2301 3570 2525 3624 Nomine

217 3658 330 3712 Lec.
371 3658 690 3725 fuscoluteoe
738 3656 783 3714 δ.
834 3661 1258 3726 sanquineoatrae
1305 3681 1356 3713 α.
1403 3663 1592 3729 praeter
1623 3663 1854 3712 nostram
1892 3676 1997 3713 var.
2038 3657 2085 3711 ὃ.
2126 3658 2387 3712 intellexit
2422 3656 2524 3710 Le-

216 3746 411 3800 cideam
447 3748 898 3815 Berenqm'anam
936 3744 1228 3814 formasque
1265 3746 1533 3800 Bilimbiae
1567 3746 1886 3812 obseuratoe3
1934 3746 2099 3799 forma
2134 3746 2179 3798 b.
2222 3745 2525 3799 lichenicola

218 3834 266 3885 in
301 3832 442 3886 herb.
482 3833 657 3887 Smrst.
697 3836 778 3885 est
814 3832 924 3886 sola
960 3850 1066 3885 var.
1107 3830 1184 3894 3..
1236 3832 1326 3886 sed
1365 3829 1593 3884 vidimus
1629 3830 1734 3885 alia
1761 3831 2215 3886 Somnlerseltiana
2240 3831 2525 3902 specimina

218 3918 280 3972 ad
312 3918 590 3973 Leeideam
625 3921 1075 3988 Berenqerianam
1109 3918 1446 3989 pertinentia.

352 4091 463 4146 obs.
500 4093 549 4145 4.
622 4089 848 4144 Lecidea
882 4092 1239 4145 sabuletorum
1286 4095 1339 4159 β.
1382 4088 1639 4157 qeockroa
1677 4088 1803 4142 Aah.
1841 4090 1959 4159 Syn.
1997 4109 2047 4160 p.
2089 4092 2158 4143 20
2194 4090 2281 4149 (L.
2322 4105 2520 4144 vuasco-

219 4196 330 4232 rum
382 4183 432 4248 β.
475 4178 732 4245 qeochroa
778 4178 896 4232 Vet.
942 4179 1038 4232 Ak.
1085 4177 1274 4232 Handl.
1317 4176 1456 4228 1808
1492 4194 1540 4244 p.
1581 4176 1711 4243 261,
1746 4176 1900 4230 Univ.
1938 4196 1989 4246 p.
2032 4179 2155 4240 179)
2193 4180 2275 4230 est
2310 4177 2523 4230 miscela

220 4264 473 4317 lichenum
511 4265 789 4335 (praecipue
825 4265 1282 4328 Lecideaceorurn)
1320 4264 1373 4316 in
1408 4262 1615 4332 alpibus
1652 4281 1855 4317 muscos
1883 4268 2139 4317 terramve
2166 4263 2518 4317 incolentium.

220 4350 276 4402 In
313 4350 452 4405 berb.
493 4351 618 4404 Ach.
659 4352 753 4405 sub
791 4352 888 4405 hoc
923 4354 1132 4407 nomine
1169 4354 1502 4406 asservantur
1549 4351 1615 4402 B.
1650 4366 1941 4417 parasema
1977 4347 2024 4402 ὃ.
2061 4366 2356 4403 pausem-um
2394 4350 2521 4413 (duo

223 4437 517 4505 specimina)
554 4441 608 4491 et
646 4458 685 4490 ε.
723 4440 1021 4507 papillam,
1063 4441 1289 4493 Tom'm‘a
1325 4438 1626 4502 cumulata,
1661 4435 1939 4490 Rinodina
1962 4438 2195 4490 nimbosa
2222 4437 2520 4505 sterilisque

222 4527 387 4578 crusta
425 4524 762 4593 Boeomycctis
797 4528 942 4580 rosei.
