3177 5011
1322 321 1448 389 343

368 480 483 536 obs.
524 480 569 535 l.
639 478 702 534 In
746 477 1181 549 praestantissima
1226 477 1628 549 monographia‚
1678 478 1826 549 cujus
1874 495 2064 535 nomeu
2112 482 2195 534 est
2242 478 2536 536 ”Kritische

219 566 628 637 Bemerkungen
663 566 790 621 iiber
826 566 911 621 die
946 562 1297 621 Lecideaceen
1333 568 1433 621 mit
1468 565 1881 636 nadelformigen
1919 566 2161 636 Sporen'’‚
2200 568 2397 622 amicus
2431 567 2538 621 sti-

221 652 511 723 zenberger
559 670 663 706 suae
711 653 956 723 Secoliyae
990 658 1041 724 β.
1079 653 1322 707 Bacidiae
1356 652 1719 707 adnumeravit
1766 671 1867 708 non
1903 654 2071 707 solum
2104 657 2339 707 nostrum
2373 669 2538 723 genus

222 740 496 803 Bacidioe,
553 738 703 809 quale
748 740 803 793 in
840 738 966 793 Gen.
1005 738 1235 793 Heterol.
1275 743 1357 792 est
1391 739 1678 793 limitatum
1695 780 1708 802 ‚
1747 739 1838 795 sed
1874 740 2035 794 etiam
2072 739 2538 809 Rkaphiosporam

222 827 418 881 Πανία)
452 825 601 896 Bagl.
638 829 797 894 atque
832 828 1069 878 nostrum
1107 825 1591 894 Arthrorhapln‘dis
1624 843 1788 897 genus
1827 828 1914 885 (Α.
1945 827 2449 896 flavo-virescentem
2485 830 2541 881 et

224 912 357 975 aff).
429 913 530 966 llla
584 928 708 966 vero
760 911 825 965 ob
868 911 1080 981 gonidia
1121 911 1519 983 graphidioidea
1562 912 1629 966 ad
1667 912 2071 968 Sclerolichenes
2107 917 2188 967 est
2228 914 2536 983 releganda;

226 997 296 1052 de
343 998 428 1051 his
472 997 790 1052 sententiam
838 998 949 1067 jam
1003 998 1392 1068 amplectimur,
1448 1015 1561 1068 qum
1605 1000 1845 1070 plurimis
1880 999 2034 1055 facile
2070 999 2310 1054 videatur
2345 1000 2539 1054 absona

228 1090 391 1154 atque
427 1084 698 1155 paradoxa.
773 1083 1197 1153 Arthrorhaphis
1234 1086 1643 1155 flavom'rescens
1676 1087 1733 1139 et
1766 1086 1950 1142 affines
1986 1101 2014 1140 e
2050 1086 2336 1146 Lichenum
2373 1080 2541 1141 classe

227 1176 355 1227 sunt
405 1173 547 1227 enim
599 1170 928 1227 excludendae
984 1174 1041 1226 et
1088 1171 1543 1243 Discomycetibus
1591 1172 1957 1227 adscribendas.
2029 1171 2273 1228 Thallum
2307 1174 2543 1229 incolunt

227 1260 488 1330 praeeipue
523 1257 800 1329 Sphyn'dii
829 1258 1083 1328 byssoidzze
1119 1263 1277 1329 atque
1313 1260 1464 1314 illum
1500 1259 1671 1314 colore
1708 1257 1979 1328 formaque
2015 1259 2170 1330 vulgo
2207 1260 2336 1316 adeo
2370 1264 2541 1315 trans-

229 1348 468 1410 mutant,
522 1346 584 1399 ‘ut
635 1346 803 1416 primo
858 1345 1048 1399 obtutu
1100 1348 1313 1415 agnosci
1367 1363 1468 1401 non
1515 1345 1699 1416 possit,
1773 1345 1926 1400 Haud
1974 1362 2088 1400 raro
2123 1350 2180 1404 in
2213 1349 2311 1403 tali
2343 1348 2511 1403 thallo
2525 1389 2538 1413 ,

227 1433 423 1504 hyphis
474 1432 683 1503 fungilli
735 1431 1014 1500 infestam,
1060 1431 1206 1486 nulla
1252 1432 1444 1504 plantae
1480 1432 1775 1502 parasiticae
1811 1433 2088 1503 apothecis
2122 1432 2341 1497 adsunt,
2380 1438 2539 1504 atque

228 1522 344 1572 tum
382 1536 558 1573 veram
595 1519 708 1589 ejus
745 1519 999 1589 originem
1047 1519 1132 1572 vix
1177 1519 1450 1588 quisquam
1486 1519 1655 1590 possit
1689 1518 1957 1588 suspicari.
2030 1519 2346 1575 Accuratum
2382 1521 2540 1592 largae

229 1606 554 1661 collectionis
603 1605 832 1659 studium
850 1647 865 1673 ,
919 1604 1132 1660 evidens
1176 1606 1524 1674 continuaque
1571 1606 1711 1659 inter
1753 1604 2037 1659 normalem
2075 1604 2352 1677 Sphyridii
2381 1610 2545 1676 atque

228 1695 488 1763 optimum
525 1692 1009 1761 Arthrorhaphidis
1055 1691 1276 1746 thallum
1326 1692 1513 1755 series,
1563 1693 1903 1761 congruentia
1944 1693 2274 1762 gonidiorum
2311 1693 2539 1762 peculia-

228 1781 363 1836 rium
417 1784 518 1835 etc.
573 1779 636 1833 de
691 1778 945 1849 singulari
998 1778 1096 1832 hac
1141 1778 1341 1847 origine
1386 1782 1546 1847 atque
1592 1778 1967 1848 compositione
2015 1778 2541 1847 Arthrorhaphidum

228 1884 322 1922 nos
359 1870 532 1922 certos
569 1865 753 1921 fecere.
815 1864 997 1934 Neque
1035 1865 1224 1919 desunt
1261 1881 1343 1918 res
1379 1864 1620 1918 identicoe
1658 1866 1742 1919 vel
1777 1866 2023 1936 analogae.
2097 1865 2319 1920 Omnino
2357 1864 2540 1920 eodem

230 1954 384 2009 modo
421 1957 536 2007 orta
572 1958 653 2008 est
688 1952 895 2022 planta,
952 1967 1065 2021 quoe
1111 1950 1268 2020 vulgo
1311 1950 1613 2003 nominatur
1643 1953 1865 2007 Ruellia
1900 1971 1940 2007 s.
2012 1952 2239 2006 Lccidea
2273 1952 2538 2007 scabrosa.

230 2040 362 2095 Fere
399 2040 562 2094 etiam
599 2037 921 2101 evidentius,
959 2040 1020 2091 ut
1056 2054 1270 2092 examen
1301 2054 1338 2090 a
1374 2037 1522 2090 nobis
1557 2038 1827 2106 amicoque
1866 2041 1916 2090 S.
1952 2037 2218 2108 Almqvist
2252 2041 2356 2092 una
2390 2039 2540 2093 insti-

227 2129 406 2181 tutum
456 2127 592 2180 clare
639 2124 845 2189 docuit,
899 2125 955 2178 in
1001 2125 1267 2179 Arthonia
1300 2124 1571 2193 phaeobaea
1607 2124 1786 2178 Norrn.
1823 2124 2055 2178 invenire
2092 2125 2220 2179 licet
2257 2124 2540 2178 ”thallum”

228 2215 308 2267 ita
351 2216 553 2268 ortum:
609 2214 785 2266 crusta
848 2211 1180 2266 Verrucariae
1233 2206 1618 2278 neuthocarpae,
1672 2215 1938 2265 structura
1989 2211 2239 2280 peculiari
2292 2209 2541 2265 facillime

230 2300 443 2369 agnita,
492 2297 782 2369 plantulam
827 2297 927 2351 alit
974 2297 1307 2367 parasiticam
1326 2337 1338 2360 ,
1389 2297 1536 2365 cujus
1571 2297 1760 2368 hyphae
1794 2298 1998 2369 hyphas
2034 2297 2226 2367 plantae
2261 2297 2542 2351 nutrientis

231 2385 848 2456 gelatinoso·dissolv:tnt
901 2384 1307 2454 destruuntque,
1364 2384 1578 2454 gonidia
1631 2384 1835 2438 intacta
1884 2385 2250 2453 relinquentes.
2326 2382 2540 2438 'Novum

232 2472 398 2542 igitur
452 2473 798 2544 conspicimus
846 2470 1072 2526 thallum
1119 2487 1182 2526 ex
1223 2470 1416 2541 hyphis
1460 2469 1654 2540 plantae
1690 2472 2031 2542 parasitautis
2068 2470 2394 2541 gonidiisque
2432 2487 2541 2525 ma-

234 2560 383 2613 tricis
437 2563 766 2622 contextum,
822 2560 904 2613 cui
958 2559 1100 2612 illius
1155 2558 1387 2611 insident
1433 2557 1723 2626 apothecis.
1797 2557 2015 2623 Qualem
2064 2557 2542 2613 ”allelositismum”

233 2645 462 2708 (Norrn.)
500 2645 636 2715 apud
672 2645 961 2715 permultas
1000 2645 1131 2699 alias
1166 2644 1399 2715 plantas,
1437 2660 1530 2713 pro
1567 2644 1843 2699 Arthoniis
1878 2643 2045 2697 thallo
2069 2646 2277 2714 proprio
2297 2646 2542 2715 praedidis

235 2733 392 2784 antea
445 2730 681 2792 habitas,
738 2731 1034 2786 observavit
1087 2731 1285 2785 amicus
1341 2735 1388 2783 S.
1440 2731 1720 2801 Almqvist.
1796 2729 1909 2796 Qua
1953 2730 2016 2784 de
2064 2747 2118 2784 re
2166 2731 2220 2784 in
2256 2730 2541 2802 appendice

236 2817 392 2886 hujus
439 2817 591 2885 libri,
644 2818 734 2873 ubi
779 2819 1145 2888 Ascomycetes
1188 2819 1244 2871 in
1288 2817 1580 2871 lichenibus
1617 2807 1965 2888 parasitantes
2003 2833 2265 2873 recensere
2303 2817 2453 2872 nobis
2487 2819 2543 2872 in

235 2905 410 2958 animo
445 2909 556 2968 est,
594 2905 803 2959 uberius
839 2909 922 2960 est
953 2904 1330 2960 disserendum.

376 2992 489 3046 obs.
526 2992 576 3045 2.
647 2991 867 3061 Longas
914 2992 966 3045 in
1017 2992 1114 3046 hoc
1160 3007 1349 3061 genere
1397 2986 1724 3043 nominamus
1761 3005 1938 3059 sporus
1974 2990 2092 3045 circ.
2131 2992 2289 3055 0‚060
2328 3007 2448 3047 mm.
2489 2994 2545 3046 et

236 3077 403 3139 ultra,
441 3077 724 3132 mediocres
760 3079 880 3132 circ.
913 3079 1212 3140 0‚030-60
1250 3093 1403 3146 mm.‚
1439 3077 1613 3130 breves
1649 3074 1731 3129 his
1769 3076 2010 3131 minores.

408 3284 482 3349 A.
572 3283 942 3367 Hymenium
998 3284 1195 3347 latum
1250 3287 1478 3368 (usque
1534 3282 1610 3346 ad
1655 3283 1749 3359 0‚1
1801 3280 2012 3364 mm.);
2073 3299 2267 3365 sporae
2313 3284 2541 3365 lomes,

579 3384 1041 3467 multiseptatae.

582 3523 636 3568 a.
725 3505 1065 3587 Apothecia
1109 3505 1316 3568 lectius
1363 3503 1664 3569 colorata.

820 3698 877 3756 1.
967 3699 1032 3756 B.
1092 3698 1427 3757 ROSELLA
1484 3692 1709 3777 (Pers.)
1764 3696 1970 3755 DNtrs.

414 3831 636 3896 Crusta
689 3831 909 3906 effusa,
967 3832 1199 3908 tenuis,
1247 3831 1575 3915 granulosa
1619 3829 1717 3893 vel
1762 3829 2152 3913 subleprosa‚
2200 3830 2405 3895 albida
2450 3830 2549 3895 vel

242 3935 470 4021 pallide
519 3933 1225 4010 viridulo-cinerascens;
1272 3933 1593 4017 apothecis.
1637 3933 1904 4009 sessilia,
1948 3934 2213 4015 primum
2257 3950 2547 4010 concava,

244 4039 380 4104 dein
453 4037 676 4120 diuque
742 4036 1124 4120 planiuscula
1179 4039 1241 4101 et
1294 4036 1569 4118 margine
1627 4035 2059 4109 crassiusculo‚
2116 4034 2388 4116 integro,
2445 4035 2550 4100 de-

242 4144 468 4218 misse,
516 4138 865 4226 pullidz'ore
931 4140 1160 4215 cincta,
1232 4139 1475 4203 demum
1546 4156 1811 4202 convexa
1865 4136 2328 4218 immarginata‚
2386 4137 2551 4201 disco

243 4244 484 4310 roseolo
533 4245 965 4315 incarnatove,
1013 4244 1276 4305 tenuiter
1309 4242 1639 4322 prumano.

385 4366 528 4431 Syn.
601 4361 795 4414 Lichen
832 4360 1058 4414 rosellus
1091 4359 1236 4414 Pers.
1271 4360 1325 4414 in
1361 4359 1474 4412 Ust.
1511 4360 1643 4413 Anu.
1681 4357 1781 4411 VII
1807 4362 1989 4418 (1794)
2015 4375 2063 4427 p.
2093 4366 2186 4420 25,
2215 4357 2340 4411 Ach.
2368 4357 2551 4411 Prodr.

243 4467 292 4519 p.
331 4455 414 4501 52.
452 4480 518 4490 —
554 4447 780 4502 Lccidea
817 4446 941 4500 Ach.
980 4446 1143 4501 Meth.
1190 4464 1238 4516 p.
1291 4451 1354 4500 57
1403 4457 1510 4512 (α),
1566 4445 1686 4515 Nyl.
1743 4444 1926 4499 Scand.
1976 4462 2023 4515 p.
2067 4449 2183 4497 208.
2223 4472 2285 4482 —
2322 4445 2556 4498 Biatora

245 4534 330 4600 Fr.
369 4534 486 4589 Vet.
523 4532 622 4587 Ak.
659 4534 848 4589 Handl.
891 4537 1024 4587 1822
1061 4551 1109 4604 p.
1151 4538 1282 4606 272,
1316 4532 1377 4590 1..
1417 4531 1474 4586 E.
1515 4551 1562 4610 p.
1603 4539 1718 4585 259.
1752 4563 1813 4572 —
1837 4532 2071 4592 Bacidia
2097 4530 2289 4590 DNt-rs.
2328 4529 2554 4588 Framm.
