3177 5011
1760 269 1886 337 492

613 420 618 433 '
676 424 927 484 obtinent.
999 425 1062 483 In
1098 426 1466 498 speciminibus
1501 427 1722 497 hydrate
1757 427 1944 483 ferrico
1979 425 2163 480 tinctis
2199 425 2308 479 haec
2331 423 2502 480 kalica
2526 424 2722 479 reactio
2744 425 3026 477 tantum·

675 516 829 571 modo
867 515 1185 577 observatur,
1226 514 1271 568 si
1305 517 1511 568 exstant
1545 513 1804 568 nonnullae
1837 513 2021 567 areolae
2044 512 2352 566 immutatoe.
2383 544 2440 552 —
2472 511 2763 581 Apothecia
2789 513 3023 567 0.5—1

679 620 801 657 mm.
849 603 983 668 lata,
1020 605 1250 657 crustam
1291 601 1552 669 aequantia
1599 617 1646 655 v.
1688 601 1921 654 nonnihil
1957 600 2285 669 superantia,
2323 600 2465 653 varie
2501 598 2780 669 angulosa,
2824 600 3028 652 rarius

677 690 888 745 demum
927 705 1151 745 convexa
1187 688 1581 757 immarginata‚
1628 686 1771 741 disco
1806 690 1921 739 atro
1957 686 2095 740 nudo
2132 703 2179 739 v.
2217 687 2406 740 leviter
2440 686 2712 756 pruinoso,
2750 686 3025 755 margine

670 777 935 846 juniorum
980 775 1172 829 annulo
1217 776 1362 829 tenui
1410 774 1584 829 albido
1629 791 1763 844 saepe
1801 773 2032 843 praedito.
2107 773 2415 843 Excipulum
2452 774 2732 843 nigricans.
2812 772 3024 843 Hypo·

680 864 912 917 thecium
948 869 1106 932 (saepe
1143 863 1199 915 in
1235 862 1414 916 eodem
1452 860 1757 931 specimine)
1796 859 2165 923 incoloratum,
2203 859 2547 920 fuscidulum‚
2585 858 2794 913 sordide
2822 859 3023 912 fusce-

685 966 835 1005 scens
867 932 1256 1002 ‘rutidulumve
1329 947 1657 1017 Paraphyses
1717 948 1917 1016 apicem
1979 962 2159 1000 versus
2209 944 2896 1014 fuligineo-caerulescentes
2964 962 3022 998 v.

678 1035 1047 1105 -smaragdulae
1100 1035 1184 1089 vel
1236 1035 1593 1105 ·nigricantes.
1666 1034 1788 1086 Asci
1842 1036 2062 1102 anguste
2117 1032 2324 1086 clavati.
2396 1030 2568 1102 Sporae
2614 1034 2825 1102 parcius
2871 1049 3020 1086 evo-

677 1122 834 1191 lutae,
878 1124 1176 1186 Quos—12
1223 1138 1345 1175 mm.
1394 1121 1561 1189 longae
1606 1123 1662 1172 et
1705 1122 1857 1182 O‚005
1905 1136 2031 1173 mm.
2071 1136 2267 1173 crassae.
2340 1117 2476 1172 Jodo
2512 1120 2831 1181 caerulescit,
2871 1119 3018 1173 dein

679 1209 1022 1270 decoloratur,
1050 1210 1189 1263 ascis
1208 1205 1770 1262 violaceo-rubentibus
1799 1222 1844 1259 v.
1874 1206 2294 1261 fulvescentibus.
2354 1192 2402 1259 K
2427 1222 2528 1260 non
2556 1209 2808 1260 mutatur.
2871 1207 3014 1277 ΝΟ,

676 1296 1028 1366 paraphysum
1063 1296 1239 1365 apices
1273 1293 1764 1360 roseo-violascunt‚
1802 1292 2090 1363 excipulum
2127 1293 2447 1348 rubricosum
2485 1293 2677 1348 evadit.
2747 1292 3015 1364 Sperma-

680 1382 759 1437 tia
793 1382 1024 1437 breviter
1059 1381 1360 1445 acicularia,
1399 1384 1544 1435 recta
1579 1396 1626 1433 v.
1664 1380 1851 1434 leviter
1885 1380 2123 1441 cumula,
2160 1381 2459 1442 Quos—12
2496 1396 2619 1435 mm.
2659 1380 2837 1451 longa.

821 1471 934 1525 obs.
986 1470 1029 1522 1.
1100 1469 1162 1523 In
1198 1469 1349 1521 tanta
1384 1466 1666 1520 formarum
1705 1465 1861 1519 turba
1893 1470 2131 1522 auctores
2168 1467 2342 1537 plures
2378 1466 2672 1536 quaesivisse
2707 1466 3012 1521 distinctas

680 1555 907 1626 species,
948 1555 1033 1608 vix
1068 1555 1273 1609 mirum.
1345 1554 1643 1608 Permultas
1678 1555 1855 1607 autem
1890 1554 2232 1623 speciminum
2269 1555 2554 1618 centuriae,
2601 1554 2832 1623 undique
2870 1571 3008 1608 con-

681 1642 931 1711 quisitas,
975 1657 1069 1711 per
1112 1642 1286 1711 plures
1329 1639 1680 1696 hebdomades
1727 1638 1905 1695 sedulo
1950 1642 2291 1709 accurateque
2338 1642 2717 1706 examinanteS,
2764 1641 2838 1696 ad
2873 1659 3009 1696 eum

678 1729 1009 1799 pervenimus
1055 1728 1239 1791 finem,
1286 1726 1421 1781 hanc
1467 1728 1695 1797 speciem
1731 1727 1929 1797 optime
1966 1742 2077 1780 esse
2114 1725 2423 1786 limitatam.
2461 1730 2506 1783 si
2542 1727 2830 1798 (adjunctis
2867 1728 3002 1782 sub-

679 1813 950 1886 speciebus
983 1813 1122 1869 infra
1155 1814 1457 1884 descriptis)
1493 1813 1686 1867 finibus
1720 1813 1771 1868 h.
1810 1813 1845 1866 1.
1882 1813 2163 1883 propositis
2199 1814 2667 1879 circumscribitur;
2705 1816 2749 1869 si
2784 1832 2917 1870 vero
2945 1817 3004 1869 in

682 1903 858 1972 plures
902 1901 1173 1970 dividitur,
1219 1917 1398 1956 omnes
1442 1904 1659 1956 conatus
1694 1902 1846 1954 notas
1885 1902 2184 1955 constantes
2219 1901 2519 1956 inveniendi
2551 1902 2619 1957 ad
2654 1903 2867 1956 irritum
2906 1920 3001 1957 ca—

684 1989 830 2044 dunt.
867 2017 934 2028 -
969 1988 1054 2044 Sic
1090 2005 1135 2044 v.
1176 2004 1218 2042 c.
1255 1988 1453 2042 amicus
1489 1985 1688 2041 Arnold
1722 1986 1777 2039 in
1812 1985 1970 2040 Flora
2007 1988 2144 2041 1871
2180 2005 2232 2057 p.
2272 1989 2477 2042 151—2
2502 1992 2723 2057 quatuor
2746 1988 3001 2044 admittit

645 2077 905 2147 'speciesz
952 2074 1018 2128 L.
1067 2075 1288 2129 lacteam
1329 2073 1410 2143 (L.
1459 2071 1543 2127 Su.
1591 2074 1714 2137 407,
1765 2072 1891 2127 Arn.
1929 2074 2059 2137 470,
2098 2073 2223 2127 Anz.
2261 2092 2329 2128 m.
2368 2092 2408 2129 r.
2458 2076 2610 2145 270),
2671 2075 2733 2129 L.
2788 2075 2997 2130 cadeti-

676 2178 794 2217 cam
830 2161 1013 2232 (Korb.
1054 2162 1147 2223 16,
1184 2160 1311 2214 Ana.
1347 2176 1416 2213 m.
1454 2177 1492 2213 r.
1531 2160 1689 2226 271),
1737 2160 1803 2214 L.
1844 2162 2201 2230 polycarpam
2246 2161 2394 2226 (Anz.
2441 2162 2592 2229 478),
2639 2161 2708 2215 L.
2758 2163 2995 2231 albofla·

679 2266 801 2304 vam
836 2248 1018 2317 (Kcrb.
1059 2247 1211 2314 193),
1251 2263 1363 2316 quoe
1399 2250 1543 2301 certo
1578 2247 1774 2301 certius
1824 2263 2001 2301 omnes
2044 2247 2325 2302 confluunt.
2399 2249 2520 2304 Sola
2562 2249 2747 2303 harum
2794 2249 2994 2303 forma-

678 2354 793 2391 rum
829 2336 1128 2391 different-ia
1164 2336 1337 2388 exstat
1371 2334 1425 2387 in
1461 2336 1648 2387 crustae
1683 2334 1921 2387 crassitie
1957 2333 2244 2402 colorisque
2282 2335 2567 2389 variatione
2585 2375 2598 2399 ,
2644 2336 2788 2389 notis
2833 2336 2994 2390 nimis

683 2422 970 2477 fallacibus.
1043 2420 1310 2476 Iudicatur
1362 2419 1571 2489 quidem
1618 2422 1683 2474 ut
1722 2421 1991 2475 character
2026 2420 2322 2475 essentialis
2356 2420 2658 2491 hypothecii
2698 2423 2851 2485 color,
2898 2422 2995 2477 sed

676 2511 971 2565 accuratius
1006 2525 1220 2564 examen
1256 2508 1411 2578 hujus
1446 2507 1604 2562 fidem
1640 2508 1882 2562 concidit.
1954 2507 2108 2562 Haud
2144 2524 2262 2562 raro
2299 2508 2507 2577 quidem
2542 2509 2860 2583 hypothecis
2890 2510 2990 2564 ali-

681 2597 828 2666 cnjus
873 2595 1050 2650 formae
1097 2598 1221 2649 sunt
1264 2583 1565 2649 constanter
1609 2595 1899 2648 incolorata
1929 2595 2016 2649 vel
2051 2595 2355 2660 obscurata,
2394 2595 2486 2649 sed
2522 2595 2631 2650 fere
2666 2596 2990 2666 frequentius

678 2683 735 2736 in
770 2682 951 2737 eodem
987 2682 1272 2752 specimine
1304 2682 1640 2737 inveniuntur
1673 2671 1989 2750 hypothecia
2019 2679 2229 2750 juniora
2262 2681 2573 2745 incolorata,
2611 2681 2874 2737 adultiora
2912 2683 2987 2737 le·

677 2770 815 2824 viter
850 2769 934 2825 vel
975 2769 1242 2825 obscurius
1278 2768 1641 2824 fuscescentia.
1714 2765 1881 2832 Quam
1919 2766 2049 2821 levis
2085 2768 2339 2821 momenti
2373 2769 2446 2822 sit
2480 2767 2589 2823 haec
2624 2773 2751 2823 nota
2773 2768 2986 2823 demon·

678 2858 816 2910 strat
866 2856 933 2910 L.
988 2855 1261 2926 alboflava
1312 2854 1497 2918 Korb„
1552 2853 1699 2922 cujus
1745 2852 2120 2923 hypothecium
2155 2853 2222 2909 ab
2260 2854 2458 2910 Arnold
2493 2855 2767 2910 inventum
2803 2854 2982 2925 ’‘palli-

683 2941 855 3006 dum’',
891 2959 924 2996 a
958 2940 1108 2997 nobis
1144 2942 1225 3008 (in
1262 2957 1398 3010 spec.
1436 2941 1585 3011 orig.)
1622 2939 1965 3004 fuscidulum;
2002 2943 2184 2995 contra
2217 2941 2274 2995 in
2307 2943 2433 2998 Anz.
2472 2942 2578 2994 478
2613 2945 2669 2996 et
2702 2958 2770 2995 m.
2808 2959 2847 2996 r.
2880 2943 2979 2996 271

680 3028 889 3084 omnino
924 3028 1270 3083 incoloratum
1305 3044 1441 3098 saepe
1477 3027 1705 3081 vidimus
1740 3044 1836 3082 nec
1872 3026 2072 3081 ”atrum
2110 3028 2195 3082 vel
2229 3027 2459 3097 fuscum,
2494 3028 2802 3083 rufescens.”
2844 3029 2979 3083 Prae-

676 3119 823 3170 tcrea
875 3115 1244 3185 hypothecium
1301 3115 1355 3169 in
1410 3114 1506 3169 hac
1561 3115 1733 3185 specie
1786 3132 2070 3184 numquam
2115 3115 2503 3170 observavimus
2548 3115 2794 3178 '‘atrum”,
2831 3116 2977 3170 modo

672 3202 791 3273 plus
825 3203 998 3256 minus
1034 3201 1281 3257 distincte
1318 3201 1627 3270 sordideque
1663 3202 1970 3257 luscescens.
2041 3202 2117 3257 Re
2155 3219 2278 3257 vera
2313 3203 2520 3259 videtur
2543 3203 2847 3258 normaliter
2867 3219 2976 3258 esse

675 3288 1021 3343 incoloratum
1035 3329 1051 3357 ‚
1087 3288 1207 3342 dein
1244 3292 1402 3343 aetate
1437 3289 1783 3342 obscuratum.

813 3375 926 3430 obs.
962 3374 1011 3428 2.
1084 3375 1218 3428 Aliae
1255 3374 1323 3428 ad
1357 3373 1492 3428 hauc
1526 3380 1763 3443 proteam
1800 3376 2027 3446 speciem
2062 3376 2344 3431 referendae
2377 3375 2578 3436 formae,
2603 3392 2818 3444 quarum
2842 3394 2971 3447 spec,

676 3460 805 3530 orig.
843 3461 1253 3515 examinavimus
1288 3464 1436 3514 sunt:
1483 3460 1712 3518 Leeidea
1751 3463 1988 3532 lapicida
2024 3482 2064 3516 ε.
2101 3463 2329 3517 radians
2365 3461 2492 3515 Ach.
2520 3461 2637 3516 Vet.
2662 3463 2762 3516 Ak.
2790 3462 2968 3518 Handl.

672 3547 811 3601 1808
862 3563 911 3617 p.
959 3548 1087 3612 233,
1134 3546 1287 3601 Univ.
1340 3564 1390 3617 p.
1439 3548 1568 3612 160,
1617 3547 1737 3620 Syn.
1783 3567 1832 3619 p.
1881 3549 1979 3612 14,
2028 3548 2214 3618 Wnbg.
2251 3548 2414 3619 Lapp.
2453 3565 2505 3618 p.
2544 3550 2648 3602 472
2685 3555 2859 3605 crusta
2890 3568 2967 3605 ra·

678 3632 881 3698 diante;
938 3633 1057 3689 Lec.
1110 3634 1474 3704 nwtamorpha
1525 3635 1651 3690 Anz.
1707 3635 1821 3690 Cat.
1874 3654 1924 3707 p.
1970 3637 2068 3701 84;
2125 3635 2191 3691 L.
2235 3634 2469 3704 lapicida
2506 3652 2549 3691 υ.
2592 3636 2965 3706 lithophiloides

677 3718 824 3788 Nyl„
873 3718 1088 3789 Leight.
1132 3721 1264 3774 Brit.
1310 3721 1459 3775 Lich.
1504 3740 1552 3793 p.
1602 3723 1704 3776 285
1750 3723 2002 3793 primaria
2037 3722 2125 3791 (L.
2154 3722 2332 3792 plana
2370 3721 2489 3776 dein
2527 3722 2627 3776 huc
2664 3723 2867 3789 ducta);
2900 3726 2962 3780 L.

671 3805 973 3860 umbonella
1015 3807 1136 3876 Nyl.
1192 3807 1350 3861 Flora
1395 3808 1530 3862 1866
1576 3827 1626 3880 p.
1676 3810 1795 3863 372.
1838 3841 1897 3849 -
1937 3809 2054 3863 Non
2100 3810 2312 3879 quidem
2348 3810 2460 3862 visa
2497 3812 2578 3862 est
2611 3807 2678 3861 L.
2715 3818 2963 3880 sympecta

673 3891 793 3961 Nyl.
830 3892 989 3947 Flora
1022 3895 1159 3947 1872
1197 3912 1245 3965 p.
1284 3895 1413 3959 358,
1452 3894 1518 3949 ad
1555 3895 1818 3951 Holmiam
1857 3895 2023 3958 lecta,
2060 3897 2152 3951 sed
2188 3912 2348 3966 quum
2384 3912 2447 3950 ex
2482 3896 2596 3966 ipso
2630 3901 2838 3953 auctore
2872 3915 2962 3954 non

673 3978 883 4033 differat
918 3979 1018 4034 nisi
1057 3979 1252 4036 ”thallo
1288 3983 1601 4047 incrassato,
1639 3983 1931 4054 apotheciis
1968 3984 2270 4054 compositis
2307 3982 2563 4053 (pluribus
2588 3985 2962 4042 conveniuscule

671 4068 930 4130 connatis,
988 4067 1310 4138 marginibus
1365 4068 1716 4140 complicatis)
1732 4070 1776 4134 ,”
1832 4071 1918 4134 vix
1967 4086 2200 4125 erramus
2249 4071 2384 4123 hanc
2433 4085 2527 4139 pro
2563 4071 2733 4140 specie
2767 4075 2961 4143 propria

669 4167 771 4206 non
806 4157 1161 4223 agnoscentes.

812 4241 925 4295 obs.
962 4240 1011 4294 3.
1083 4239 1256 4311 Vulgo
1291 4240 1412 4294 huic
1449 4241 1644 4310 speciei
1680 4242 1836 4296 datur
1870 4258 2058 4297 nomen
2094 4241 2158 4295 L.
2189 4243 2508 4312 polycarpa.
2579 4243 2710 4298 Eam
2736 4260 2836 4299 non
2858 4262 2958 4301 esse

668 4324 906 4396 plantam
958 4325 1301 4381 Florkeanam
1355 4328 1410 4382 in
1463 4327 1642 4382 Smrft.
1695 4328 1871 4400 Suppl.
1919 4348 1968 4401 p.
2027 4329 2135 4384 149*
2182 4330 2525 4401 descriptam,
2568 4331 2681 4400 jam
2723 4332 2779 4384 in
2827 4332 2955 4388 Lich.

669 4412 863 4482 Spitsb.
898 4429 949 4482 p.
988 4412 1057 4465 39
1092 4412 1449 4469 indicavimus.
1525 4415 1650 4481 Quae
1685 4417 1823 4470 enim
1860 4420 2148 4487 composita
2181 4422 2266 4474 est
2298 4434 2327 4474 e
2363 4419 2429 4473 L.
2469 4418 2747 4487 lithoplaila
2769 4419 2957 4491 aliaque

669 4498 841 4576 specie
877 4498 1044 4570 aporia
1079 4501 1287 4555 omnino
1321 4500 1581 4558 destituta
1616 4492 1836 4574 ideoque
1871 4519 1973 4559 non
2010 4505 2430 4575 determinanda3
2472 4505 2761 4562 certissime
2797 4510 2955 4566 tamen
