<?xml version="1.0" encoding="UTF-8"?>
<!DOCTYPE html PUBLIC "-//W3C//DTD XHTML 1.0 Transitional//EN"
    "http://www.w3.org/TR/xhtml1/DTD/xhtml1-transitional.dtd">
<html xmlns="http://www.w3.org/1999/xhtml" xml:lang="en" lang="en">
 <head>
  <title>
</title>
<meta http-equiv="Content-Type" content="text/html;charset=utf-8" />
  <meta name='ocr-system' content='tesseract 3.04.00' />
  <meta name='ocr-capabilities' content='ocr_page ocr_carea ocr_par ocr_line ocrx_word'/>
</head>
<body>
  <div class='ocr_page' id='page_1' title='image "./lichenographias00friegoog_0171.png"; bbox 0 0 3177 5011; ppageno 0'>
   <div class='ocr_carea' id='block_1_1' title="bbox 1388 297 1505 360">
    <p class='ocr_par' dir='ltr' id='par_1_1' title="bbox 1388 297 1505 360">
     <span class='ocr_line' id='line_1_1' title="bbox 1388 297 1505 360; baseline -0.009 0"><span class='ocrx_word' id='word_1_1' title='bbox 1388 297 1505 360; x_wconf 77' lang='lat'>137</span> 
     </span>
    </p>
   </div>
   <div class='ocr_carea' id='block_1_2' title="bbox 271 448 2616 999">
    <p class='ocr_par' dir='ltr' id='par_1_2' title="bbox 271 448 2611 739">
     <span class='ocr_line' id='line_1_2' title="bbox 449 448 2611 534; baseline 0 -20"><span class='ocrx_word' id='word_1_2' title='bbox 449 451 506 514; x_wconf 84' lang='grc' dir='ltr'>δ.</span> <span class='ocrx_word' id='word_1_3' title='bbox 550 451 809 518; x_wconf 76' lang='lat' dir='ltr'>tenuis</span> <span class='ocrx_word' id='word_1_4' title='bbox 852 449 1117 534; x_wconf 71' lang='lat' dir='ltr'>(Korb.)</span> <span class='ocrx_word' id='word_1_5' title='bbox 1162 448 1278 515; x_wconf 84' lang='lat' dir='ltr'>Th.</span> <span class='ocrx_word' id='word_1_6' title='bbox 1325 450 1462 514; x_wconf 83' lang='lat' dir='ltr'>Fr.:</span> <span class='ocrx_word' id='word_1_7' title='bbox 1496 449 1737 515; x_wconf 83' lang='lat' dir='ltr'>laciniae</span> <span class='ocrx_word' id='word_1_8' title='bbox 1770 450 2220 516; x_wconf 75' lang='lat' dir='ltr'>adscendentes</span> <span class='ocrx_word' id='word_1_9' title='bbox 2248 451 2345 515; x_wconf 86' lang='lat' dir='ltr'>vel</span> <span class='ocrx_word' id='word_1_10' title='bbox 2372 456 2611 528; x_wconf 76' lang='lat' dir='ltr'>ereetoe,</span> 
     </span>
     <span class='ocr_line' id='line_1_3' title="bbox 271 551 2608 636; baseline -0 -19"><span class='ocrx_word' id='word_1_11' title='bbox 271 553 650 629; x_wconf 60' lang='lat' dir='ltr'>imbricatae,</span> <span class='ocrx_word' id='word_1_12' title='bbox 696 558 1012 633; x_wconf 63' lang='lat' dir='ltr'>anglus-tce,</span> <span class='ocrx_word' id='word_1_13' title='bbox 1057 553 1739 627; x_wconf 75' lang='lat' dir='ltr'>cinereo-virescentes,</span> <span class='ocrx_word' id='word_1_14' title='bbox 1788 551 2160 634; x_wconf 83' lang='lat' dir='ltr'>epruinosae,</span> <span class='ocrx_word' id='word_1_15' title='bbox 2207 552 2425 617; x_wconf 77' lang='lat' dir='ltr'>subtus</span> <span class='ocrx_word' id='word_1_16' title='bbox 2472 553 2608 636; x_wconf 90' lang='lat' dir='ltr'>pal-</span> 
     </span>
     <span class='ocr_line' id='line_1_4' title="bbox 271 654 2004 739; baseline 0 -20"><span class='ocrx_word' id='word_1_17' title='bbox 271 654 455 731; x_wconf 84' lang='lat' dir='ltr'>lidae,</span> <span class='ocrx_word' id='word_1_18' title='bbox 501 655 775 718; x_wconf 68' lang='lat' dir='ltr'>rhizinis</span> <span class='ocrx_word' id='word_1_19' title='bbox 821 655 1054 719; x_wconf 74' lang='lat' dir='ltr'>albidis</span> <span class='ocrx_word' id='word_1_20' title='bbox 1099 657 1329 739; x_wconf 87' lang='lat' dir='ltr'>sparsis</span> <span class='ocrx_word' id='word_1_21' title='bbox 1376 655 1591 719; x_wconf 79' lang='lat' dir='ltr'>obsitae</span> <span class='ocrx_word' id='word_1_22' title='bbox 1637 654 2004 738; x_wconf 74' lang='lat' dir='ltr'>oiliataeque.</span> 
     </span>
    </p>

    <p class='ocr_par' dir='ltr' id='par_1_3' title="bbox 418 754 2120 829">
     <span class='ocr_line' id='line_1_5' title="bbox 418 754 2120 829; baseline 0.001 -21"><span class='ocrx_word' id='word_1_23' title='bbox 418 756 554 825; x_wconf 79' lang='lat' dir='ltr'>Syn.</span> <span class='ocrx_word' id='word_1_24' title='bbox 629 756 968 826; x_wconf 68' lang='lat' dir='ltr'>Anaptychia</span> <span class='ocrx_word' id='word_1_25' title='bbox 1004 757 1210 810; x_wconf 70' lang='lat' dir='ltr'>m&#39;lt&#39;aris</span> <span class='ocrx_word' id='word_1_26' title='bbox 1244 777 1294 829; x_wconf 78' lang='lat' dir='ltr'>y.</span> <span class='ocrx_word' id='word_1_27' title='bbox 1334 757 1550 811; x_wconf 76' lang='lat' dir='ltr'>humilis</span> <span class='ocrx_word' id='word_1_28' title='bbox 1586 754 1750 809; x_wconf 69' lang='lat' dir='ltr'>Korb.</span> <span class='ocrx_word' id='word_1_29' title='bbox 1789 756 1906 809; x_wconf 82' lang='lat' dir='ltr'>Par.</span> <span class='ocrx_word' id='word_1_30' title='bbox 1945 774 1995 826; x_wconf 90' lang='lat' dir='ltr'>p.</span> <span class='ocrx_word' id='word_1_31' title='bbox 2034 756 2120 810; x_wconf 87' lang='lat'>19.</span> 
     </span>
    </p>

    <p class='ocr_par' dir='ltr' id='par_1_4' title="bbox 273 838 2616 999">
     <span class='ocr_line' id='line_1_6' title="bbox 418 838 2616 913; baseline -0.002 -17"><span class='ocrx_word' id='word_1_32' title='bbox 418 844 646 912; x_wconf 71' lang='lat' dir='ltr'>Physcia</span> <span class='ocrx_word' id='word_1_33' title='bbox 699 844 1116 912; x_wconf 67' lang='lat' dir='ltr'>(pulverulenta)</span> <span class='ocrx_word' id='word_1_34' title='bbox 1169 845 1467 913; x_wconf 72' lang='lat' dir='ltr'>musce&#39;yena</span> <span class='ocrx_word' id='word_1_35' title='bbox 1513 844 1567 912; x_wconf 90' lang='lat' dir='ltr'>f.</span> <span class='ocrx_word' id='word_1_36' title='bbox 1624 845 1923 911; x_wconf 46' lang='lat' dir='ltr'>constipata</span> <span class='ocrx_word' id='word_1_37' title='bbox 1977 841 2103 912; x_wconf 86' lang='lat' dir='ltr'>Nyl.</span> <span class='ocrx_word' id='word_1_38' title='bbox 2158 841 2212 895; x_wconf 90' lang='lat' dir='ltr'>in</span> <span class='ocrx_word' id='word_1_39' title='bbox 2267 839 2443 893; x_wconf 83' lang='lat' dir='ltr'>sched.</span> <span class='ocrx_word' id='word_1_40' title='bbox 2497 838 2616 909; x_wconf 83' lang='lat' dir='ltr'>(hb.</span> 
     </span>
     <span class='ocr_line' id='line_1_7' title="bbox 273 929 2506 999; baseline -0 -17"><span class='ocrx_word' id='word_1_41' title='bbox 273 944 413 982; x_wconf 84' lang='lat' dir='ltr'>mus.</span> <span class='ocrx_word' id='word_1_42' title='bbox 448 929 656 999; x_wconf 83' lang='lat' dir='ltr'>Fenn.).</span> <span class='ocrx_word' id='word_1_43' title='bbox 2500 933 2506 940; x_wconf 78' lang='lat'>‘</span> 
     </span>
    </p>
   </div>
   <div class='ocr_carea' id='block_1_3' title="bbox 273 1001 2620 3455">
    <p class='ocr_par' dir='ltr' id='par_1_5' title="bbox 273 1001 2620 3455">
     <span class='ocr_line' id='line_1_8' title="bbox 451 1001 2610 1100; baseline -0.003 -18"><span class='ocrx_word' id='word_1_44' title='bbox 451 1019 674 1083; x_wconf 84' lang='lat' dir='ltr'>Forma</span> <span class='ocrx_word' id='word_1_45' title='bbox 741 1016 1038 1100; x_wconf 83' lang='lat' dir='ltr'>primaria</span> <span class='ocrx_word' id='word_1_46' title='bbox 1091 1015 1170 1080; x_wconf 87' lang='lat' dir='ltr'>ad</span> <span class='ocrx_word' id='word_1_47' title='bbox 1226 1001 1476 1082; x_wconf 70' lang='lat' dir='ltr'>truncos</span> <span class='ocrx_word' id='word_1_48' title='bbox 1536 1017 1825 1082; x_wconf 88' lang='lat' dir='ltr'>arborum</span> <span class='ocrx_word' id='word_1_49' title='bbox 1881 1013 2343 1090; x_wconf 85' lang='lat' dir='ltr'>frondosarum,</span> <span class='ocrx_word' id='word_1_50' title='bbox 2409 1013 2610 1078; x_wconf 87' lang='lat' dir='ltr'>rarius</span> 
     </span>
     <span class='ocr_line' id='line_1_9' title="bbox 273 1116 2609 1204; baseline -0.003 -17"><span class='ocrx_word' id='word_1_51' title='bbox 273 1123 357 1187; x_wconf 89' lang='lat' dir='ltr'>ad</span> <span class='ocrx_word' id='word_1_52' title='bbox 411 1140 596 1204; x_wconf 90' lang='lat' dir='ltr'>rupes</span> <span class='ocrx_word' id='word_1_53' title='bbox 651 1121 714 1185; x_wconf 77' lang='lat' dir='ltr'>et</span> <span class='ocrx_word' id='word_1_54' title='bbox 757 1139 942 1202; x_wconf 86' lang='lat' dir='ltr'>supra</span> <span class='ocrx_word' id='word_1_55' title='bbox 986 1138 1261 1196; x_wconf 81' lang='lat' dir='ltr'>musooS,</span> <span class='ocrx_word' id='word_1_56' title='bbox 1305 1140 1415 1203; x_wconf 84' lang='lat' dir='ltr'>per</span> <span class='ocrx_word' id='word_1_57' title='bbox 1458 1122 1666 1204; x_wconf 82' lang='lat' dir='ltr'>partes</span> <span class='ocrx_word' id='word_1_58' title='bbox 1712 1116 2145 1183; x_wconf 83' lang='lat' dir='ltr'>meridionales</span> <span class='ocrx_word' id='word_1_59' title='bbox 2190 1117 2431 1182; x_wconf 79' lang='lat' dir='ltr'>habitat</span> <span class='ocrx_word' id='word_1_60' title='bbox 2475 1116 2609 1181; x_wconf 84' lang='lat' dir='ltr'>vul-</span> 
     </span>
     <span class='ocr_line' id='line_1_10' title="bbox 273 1219 2610 1309; baseline -0.003 -20"><span class='ocrx_word' id='word_1_61' title='bbox 273 1224 603 1309; x_wconf 78' lang='lat' dir='ltr'>gatissima</span> <span class='ocrx_word' id='word_1_62' title='bbox 621 1270 637 1298; x_wconf 97' lang='lat'>,</span> <span class='ocrx_word' id='word_1_63' title='bbox 684 1221 1167 1305; x_wconf 75' lang='lat' dir='ltr'><strong>septentrionem</strong></span> <span class='ocrx_word' id='word_1_64' title='bbox 1200 1241 1413 1287; x_wconf 85' lang='lat' dir='ltr'>versus</span> <span class='ocrx_word' id='word_1_65' title='bbox 1446 1222 1778 1288; x_wconf 77' lang='lat' dir='ltr'>admodum</span> <span class='ocrx_word' id='word_1_66' title='bbox 1819 1237 2134 1284; x_wconf 79' lang='lat' dir='ltr'><strong>rarescens</strong></span> <span class='ocrx_word' id='word_1_67' title='bbox 2169 1220 2269 1284; x_wconf 86' lang='lat' dir='ltr'>vel</span> <span class='ocrx_word' id='word_1_68' title='bbox 2300 1219 2610 1283; x_wconf 84' lang='lat' dir='ltr'>deficiens.</span> 
     </span>
     <span class='ocr_line' id='line_1_11' title="bbox 276 1320 2608 1409; baseline -0.003 -19"><span class='ocrx_word' id='word_1_69' title='bbox 276 1328 354 1391; x_wconf 91' lang='lat' dir='ltr'>In</span> <span class='ocrx_word' id='word_1_70' title='bbox 400 1325 714 1409; x_wconf 84' lang='lat' dir='ltr'>Lapponia</span> <span class='ocrx_word' id='word_1_71' title='bbox 745 1322 1013 1387; x_wconf 89' lang='lat' dir='ltr'>nondum</span> <span class='ocrx_word' id='word_1_72' title='bbox 1048 1324 1144 1387; x_wconf 79' lang='lat' dir='ltr'>est</span> <span class='ocrx_word' id='word_1_73' title='bbox 1173 1325 1327 1400; x_wconf 77' lang='lat' dir='ltr'>visa,</span> <span class='ocrx_word' id='word_1_74' title='bbox 1361 1324 1548 1389; x_wconf 76' lang='lat' dir='ltr'>etiam</span> <span class='ocrx_word' id='word_1_75' title='bbox 1580 1322 1655 1387; x_wconf 89' lang='lat' dir='ltr'>ad</span> <span class='ocrx_word' id='word_1_76' title='bbox 1689 1323 1865 1387; x_wconf 72' lang='lat' dir='ltr'>Pitea</span> <span class='ocrx_word' id='word_1_77' title='bbox 1894 1322 2164 1386; x_wconf 88' lang='lat' dir='ltr'>nondum</span> <span class='ocrx_word' id='word_1_78' title='bbox 2196 1320 2357 1385; x_wconf 78' lang='lat' dir='ltr'>lecta</span> <span class='ocrx_word' id='word_1_79' title='bbox 2388 1320 2496 1404; x_wconf 85' lang='lat' dir='ltr'>(A.</span> <span class='ocrx_word' id='word_1_80' title='bbox 2527 1320 2608 1384; x_wconf 87' lang='lat' dir='ltr'>N.</span> 
     </span>
     <span class='ocr_line' id='line_1_12' title="bbox 274 1421 2613 1511; baseline -0.004 -18"><span class='ocrx_word' id='word_1_81' title='bbox 274 1427 718 1511; x_wconf 78' lang='lat' dir='ltr'>Lundstrom);</span> <span class='ocrx_word' id='word_1_82' title='bbox 762 1426 827 1489; x_wconf 89' lang='lat' dir='ltr'>in</span> <span class='ocrx_word' id='word_1_83' title='bbox 872 1425 932 1490; x_wconf 92' lang='lat' dir='ltr'>N</span> <span class='ocrx_word' id='word_1_84' title='bbox 937 1424 1256 1492; x_wconf 87' lang='lat' dir='ltr'>ordlandia</span> <span class='ocrx_word' id='word_1_85' title='bbox 1291 1446 1435 1492; x_wconf 87' lang='lat' dir='ltr'>vero</span> <span class='ocrx_word' id='word_1_86' title='bbox 1467 1424 1854 1491; x_wconf 83' lang='lat' dir='ltr'>meridionali</span> <span class='ocrx_word' id='word_1_87' title='bbox 1887 1426 2069 1507; x_wconf 82' lang='lat' dir='ltr'>atque</span> <span class='ocrx_word' id='word_1_88' title='bbox 2101 1423 2287 1487; x_wconf 87' lang='lat' dir='ltr'>etiam</span> <span class='ocrx_word' id='word_1_89' title='bbox 2320 1422 2395 1486; x_wconf 88' lang='lat' dir='ltr'>ad</span> <span class='ocrx_word' id='word_1_90' title='bbox 2428 1421 2613 1485; x_wconf 75' lang='lat' dir='ltr'>Alten</span> 
     </span>
     <span class='ocr_line' id='line_1_13' title="bbox 274 1523 2617 1612; baseline -0.003 -18"><span class='ocrx_word' id='word_1_91' title='bbox 274 1529 650 1594; x_wconf 83' lang='lat' dir='ltr'>Finmarkiae</span> <span class='ocrx_word' id='word_1_92' title='bbox 697 1527 1096 1593; x_wconf 80' lang='lat' dir='ltr'>occidentalis</span> <span class='ocrx_word' id='word_1_93' title='bbox 1141 1526 1260 1612; x_wconf 83' lang='lat' dir='ltr'>(M.</span> <span class='ocrx_word' id='word_1_94' title='bbox 1294 1528 1374 1593; x_wconf 89' lang='lat' dir='ltr'>N.</span> <span class='ocrx_word' id='word_1_95' title='bbox 1403 1527 1613 1612; x_wconf 71' lang='lat' dir='ltr'>Blytt)</span> <span class='ocrx_word' id='word_1_96' title='bbox 1644 1526 1908 1592; x_wconf 74' lang='lat' dir='ltr'>inventa.</span> <span class='ocrx_word' id='word_1_97' title='bbox 1957 1527 2026 1590; x_wconf 90' lang='lat' dir='ltr'>In</span> <span class='ocrx_word' id='word_1_98' title='bbox 2059 1525 2290 1590; x_wconf 87' lang='lat' dir='ltr'>Fennia</span> <span class='ocrx_word' id='word_1_99' title='bbox 2322 1525 2418 1589; x_wconf 83' lang='lat' dir='ltr'>vix</span> <span class='ocrx_word' id='word_1_100' title='bbox 2449 1523 2617 1588; x_wconf 74' lang='lat' dir='ltr'>ultra</span> 
     </span>
     <span class='ocr_line' id='line_1_14' title="bbox 279 1626 2611 1716; baseline -0.005 -19"><span class='ocrx_word' id='word_1_101' title='bbox 279 1631 567 1711; x_wconf 80' lang='lat' dir='ltr'>Quarken</span> <span class='ocrx_word' id='word_1_102' title='bbox 623 1631 731 1716; x_wconf 88' lang='lat' dir='ltr'>(A.</span> <span class='ocrx_word' id='word_1_103' title='bbox 788 1629 853 1695; x_wconf 89' lang='lat' dir='ltr'>J.</span> <span class='ocrx_word' id='word_1_104' title='bbox 911 1629 1295 1716; x_wconf 85' lang='lat' dir='ltr'>Malmgren)</span> <span class='ocrx_word' id='word_1_105' title='bbox 1358 1631 1652 1695; x_wconf 75' lang='lat' dir='ltr'>haetenus</span> <span class='ocrx_word' id='word_1_106' title='bbox 1709 1631 1805 1694; x_wconf 77' lang='lat' dir='ltr'>est</span> <span class='ocrx_word' id='word_1_107' title='bbox 1856 1628 2200 1693; x_wconf 78' lang='lat' dir='ltr'>observata.</span> <span class='ocrx_word' id='word_1_108' title='bbox 2240 1665 2316 1672; x_wconf 92' lang='lat'>—</span> <span class='ocrx_word' id='word_1_109' title='bbox 2353 1626 2497 1691; x_wconf 84' lang='lat' dir='ltr'>Var.</span> <span class='ocrx_word' id='word_1_110' title='bbox 2551 1629 2611 1708; x_wconf 86' lang='grc' dir='ltr'>β.</span> 
     </span>
     <span class='ocr_line' id='line_1_15' title="bbox 277 1727 2612 1817; baseline -0.003 -20"><span class='ocrx_word' id='word_1_111' title='bbox 277 1733 435 1799; x_wconf 86' lang='lat' dir='ltr'>locis</span> <span class='ocrx_word' id='word_1_112' title='bbox 491 1735 692 1817; x_wconf 81' lang='lat' dir='ltr'>magis</span> <span class='ocrx_word' id='word_1_113' title='bbox 750 1733 1124 1798; x_wconf 77' lang='lat' dir='ltr'>absconditis</span> <span class='ocrx_word' id='word_1_114' title='bbox 1178 1733 1594 1799; x_wconf 81' lang='lat' dir='ltr'>humidulisve</span> <span class='ocrx_word' id='word_1_115' title='bbox 1654 1730 1731 1795; x_wconf 89' lang='lat' dir='ltr'>ad</span> <span class='ocrx_word' id='word_1_116' title='bbox 1789 1731 2050 1794; x_wconf 81' lang='lat' dir='ltr'>cortices</span> <span class='ocrx_word' id='word_1_117' title='bbox 2107 1727 2397 1792; x_wconf 90' lang='lat' dir='ltr'>arborum</span> <span class='ocrx_word' id='word_1_118' title='bbox 2441 1728 2612 1792; x_wconf 89' lang='lat' dir='ltr'>fron-</span> 
     </span>
     <span class='ocr_line' id='line_1_16' title="bbox 280 1829 2611 1918; baseline -0.003 -18"><span class='ocrx_word' id='word_1_119' title='bbox 280 1837 569 1900; x_wconf 86' lang='lat' dir='ltr'>dosarum</span> <span class='ocrx_word' id='word_1_120' title='bbox 615 1836 793 1900; x_wconf 79' lang='lat' dir='ltr'>adest</span> <span class='ocrx_word' id='word_1_121' title='bbox 833 1836 898 1899; x_wconf 91' lang='lat' dir='ltr'>in</span> <span class='ocrx_word' id='word_1_122' title='bbox 943 1836 1277 1918; x_wconf 84' lang='lat' dir='ltr'>provinciis</span> <span class='ocrx_word' id='word_1_123' title='bbox 1323 1832 1826 1900; x_wconf 90' lang='lat' dir='ltr'>meridionalibus</span> <span class='ocrx_word' id='word_1_124' title='bbox 1884 1832 1975 1916; x_wconf 81' lang='lat' dir='ltr'>(v.</span> <span class='ocrx_word' id='word_1_125' title='bbox 2022 1850 2074 1895; x_wconf 86' lang='lat' dir='ltr'>c.</span> <span class='ocrx_word' id='word_1_126' title='bbox 2121 1831 2185 1894; x_wconf 91' lang='lat' dir='ltr'>in</span> <span class='ocrx_word' id='word_1_127' title='bbox 2230 1829 2449 1895; x_wconf 86' lang='lat' dir='ltr'>Scania</span> <span class='ocrx_word' id='word_1_128' title='bbox 2490 1829 2611 1893; x_wconf 87' lang='lat' dir='ltr'>fre-</span> 
     </span>
     <span class='ocr_line' id='line_1_17' title="bbox 280 1931 2614 2022; baseline -0.002 -21"><span class='ocrx_word' id='word_1_129' title='bbox 280 1937 537 2021; x_wconf 84' lang='lat' dir='ltr'><strong>quens),</strong></span> <span class='ocrx_word' id='word_1_130' title='bbox 572 1938 679 2002; x_wconf 86' lang='lat' dir='ltr'>sed</span> <span class='ocrx_word' id='word_1_131' title='bbox 726 1938 914 2002; x_wconf 79' lang='lat' dir='ltr'>etiam</span> <span class='ocrx_word' id='word_1_132' title='bbox 958 1938 1022 2002; x_wconf 89' lang='lat' dir='ltr'>in</span> <span class='ocrx_word' id='word_1_133' title='bbox 1067 1938 1382 2004; x_wconf 84' lang='lat' dir='ltr'>Nerieiam</span> <span class='ocrx_word' id='word_1_134' title='bbox 1442 1937 1548 2022; x_wconf 87' lang='lat' dir='ltr'>(O.</span> <span class='ocrx_word' id='word_1_135' title='bbox 1597 1934 1673 2001; x_wconf 80' lang='lat' dir='ltr'>G.</span> <span class='ocrx_word' id='word_1_136' title='bbox 1721 1932 2091 2016; x_wconf 88' lang='lat' dir='ltr'>Blomberg)</span> <span class='ocrx_word' id='word_1_137' title='bbox 2135 1933 2199 1996; x_wconf 81' lang='lat' dir='ltr'>et</span> <span class='ocrx_word' id='word_1_138' title='bbox 2241 1931 2614 2015; x_wconf 88' lang='lat' dir='ltr'>Uplandiam</span> 
     </span>
     <span class='ocr_line' id='line_1_18' title="bbox 278 2034 2615 2125; baseline -0.002 -21"><span class='ocrx_word' id='word_1_139' title='bbox 278 2040 482 2125; x_wconf 85' lang='lat' dir='ltr'>(ipse)</span> <span class='ocrx_word' id='word_1_140' title='bbox 559 2039 981 2123; x_wconf 82' lang='lat' dir='ltr'>progrediens.</span> <span class='ocrx_word' id='word_1_141' title='bbox 1093 2042 1317 2106; x_wconf 83' lang='lat' dir='ltr'>Rarius</span> <span class='ocrx_word' id='word_1_142' title='bbox 1383 2042 1447 2105; x_wconf 91' lang='lat' dir='ltr'>in</span> <span class='ocrx_word' id='word_1_143' title='bbox 1513 2037 1744 2103; x_wconf 84' lang='lat' dir='ltr'>muscis</span> <span class='ocrx_word' id='word_1_144' title='bbox 1821 2034 1999 2120; x_wconf 83' lang='lat' dir='ltr'>(Sala</span> <span class='ocrx_word' id='word_1_145' title='bbox 2063 2034 2615 2099; x_wconf 81' lang='lat' dir='ltr'>Westmanlandiae</span> 
     </span>
     <span class='ocr_line' id='line_1_19' title="bbox 279 2136 2607 2227; baseline -0.003 -21"><span class='ocrx_word' id='word_1_146' title='bbox 279 2162 470 2226; x_wconf 85' lang='lat' dir='ltr'>supra</span> <span class='ocrx_word' id='word_1_147' title='bbox 521 2162 664 2207; x_wconf 83' lang='lat' dir='ltr'>saxa</span> <span class='ocrx_word' id='word_1_148' title='bbox 721 2142 1029 2226; x_wconf 77' lang='lat' dir='ltr'>calcarea)</span> <span class='ocrx_word' id='word_1_149' title='bbox 1087 2145 1400 2227; x_wconf 84' lang='lat' dir='ltr'>murisque</span> <span class='ocrx_word' id='word_1_150' title='bbox 1451 2138 1745 2207; x_wconf 79' lang='lat' dir='ltr'>lateritiis</span> <span class='ocrx_word' id='word_1_151' title='bbox 1799 2136 2094 2222; x_wconf 84' lang='lat' dir='ltr'>(Upsala)</span> <span class='ocrx_word' id='word_1_152' title='bbox 2151 2137 2492 2202; x_wconf 77' lang='lat' dir='ltr'>observata.</span> <span class='ocrx_word' id='word_1_153' title='bbox 2533 2173 2607 2183; x_wconf 92' lang='lat'>--</span> 
     </span>
     <span class='ocr_line' id='line_1_20' title="bbox 280 2238 2614 2329; baseline -0.002 -21"><span class='ocrx_word' id='word_1_154' title='bbox 280 2244 429 2308; x_wconf 86' lang='lat' dir='ltr'>Var.</span> <span class='ocrx_word' id='word_1_155' title='bbox 499 2265 553 2323; x_wconf 84' lang='grc' dir='ltr'>γ.</span> <span class='ocrx_word' id='word_1_156' title='bbox 622 2264 810 2329; x_wconf 87' lang='lat' dir='ltr'>supra</span> <span class='ocrx_word' id='word_1_157' title='bbox 874 2264 1118 2311; x_wconf 85' lang='lat' dir='ltr'>muscos</span> <span class='ocrx_word' id='word_1_158' title='bbox 1182 2247 1384 2329; x_wconf 80' lang='lat' dir='ltr'>viget,</span> <span class='ocrx_word' id='word_1_159' title='bbox 1464 2243 1769 2328; x_wconf 82' lang='lat' dir='ltr'>praeeipue</span> <span class='ocrx_word' id='word_1_160' title='bbox 1833 2241 1898 2304; x_wconf 90' lang='lat' dir='ltr'>in</span> <span class='ocrx_word' id='word_1_161' title='bbox 1950 2239 2195 2322; x_wconf 85' lang='lat' dir='ltr'>alpibus</span> <span class='ocrx_word' id='word_1_162' title='bbox 2249 2238 2614 2322; x_wconf 56' lang='lat' dir='ltr'>argillaceoe</span> 
     </span>
     <span class='ocr_line' id='line_1_21' title="bbox 280 2340 2615 2427; baseline -0.002 -16"><span class='ocrx_word' id='word_1_163' title='bbox 280 2345 631 2420; x_wconf 79' lang='lat' dir='ltr'>schistosis;</span> <span class='ocrx_word' id='word_1_164' title='bbox 700 2347 764 2410; x_wconf 91' lang='lat' dir='ltr'>in</span> <span class='ocrx_word' id='word_1_165' title='bbox 827 2347 1215 2425; x_wconf 82' lang='lat' dir='ltr'>Finmarkia,</span> <span class='ocrx_word' id='word_1_166' title='bbox 1285 2346 1701 2420; x_wconf 85' lang='lat' dir='ltr'>Nordlandia,</span> <span class='ocrx_word' id='word_1_167' title='bbox 1773 2343 2119 2427; x_wconf 83' lang='lat' dir='ltr'>Lapponia,</span> <span class='ocrx_word' id='word_1_168' title='bbox 2198 2340 2615 2419; x_wconf 81' lang='lat' dir='ltr'>Jemtlandia,</span> 
     </span>
     <span class='ocr_line' id='line_1_22' title="bbox 279 2444 2615 2534; baseline -0.002 -19"><span class='ocrx_word' id='word_1_169' title='bbox 279 2449 672 2533; x_wconf 77' lang='lat' dir='ltr'>HerJedalia,</span> <span class='ocrx_word' id='word_1_170' title='bbox 716 2449 958 2534; x_wconf 83' lang='lat' dir='ltr'>alpibus</span> <span class='ocrx_word' id='word_1_171' title='bbox 1004 2451 1423 2516; x_wconf 84' lang='lat' dir='ltr'>Dovrensibus</span> <span class='ocrx_word' id='word_1_172' title='bbox 1468 2450 1584 2515; x_wconf 78' lang='lat' dir='ltr'>oet.</span> <span class='ocrx_word' id='word_1_173' title='bbox 1633 2448 1871 2533; x_wconf 90' lang='lat' dir='ltr'>passim</span> <span class='ocrx_word' id='word_1_174' title='bbox 1916 2446 2013 2511; x_wconf 80' lang='lat' dir='ltr'>est</span> <span class='ocrx_word' id='word_1_175' title='bbox 2055 2444 2358 2529; x_wconf 86' lang='lat' dir='ltr'><strong>frequens.</strong></span> <span class='ocrx_word' id='word_1_176' title='bbox 2405 2445 2615 2510; x_wconf 83' lang='lat' dir='ltr'>Etiam</span> 
     </span>
     <span class='ocr_line' id='line_1_23' title="bbox 284 2548 2611 2636; baseline -0.002 -19"><span class='ocrx_word' id='word_1_177' title='bbox 284 2553 350 2618; x_wconf 87' lang='lat' dir='ltr'>in</span> <span class='ocrx_word' id='word_1_178' title='bbox 394 2552 748 2636; x_wconf 83' lang='lat' dir='ltr'>regionibus</span> <span class='ocrx_word' id='word_1_179' title='bbox 780 2553 1304 2630; x_wconf 87' lang='lat' dir='ltr'>meridionalibus,</span> <span class='ocrx_word' id='word_1_180' title='bbox 1347 2553 1456 2617; x_wconf 92' lang='lat' dir='ltr'>ubi</span> <span class='ocrx_word' id='word_1_181' title='bbox 1499 2572 1683 2636; x_wconf 85' lang='lat' dir='ltr'>rupes</span> <span class='ocrx_word' id='word_1_182' title='bbox 1727 2571 1760 2616; x_wconf 91' lang='lat' dir='ltr'>e</span> <span class='ocrx_word' id='word_1_183' title='bbox 1807 2550 1972 2614; x_wconf 79' lang='lat' dir='ltr'>calce</span> <span class='ocrx_word' id='word_1_184' title='bbox 2021 2550 2084 2612; x_wconf 77' lang='lat' dir='ltr'>et</span> <span class='ocrx_word' id='word_1_185' title='bbox 2129 2548 2374 2612; x_wconf 81' lang='lat' dir='ltr'>schistis</span> <span class='ocrx_word' id='word_1_186' title='bbox 2399 2568 2611 2613; x_wconf 82' lang='lat' dir='ltr'>reeen-</span> 
     </span>
     <span class='ocr_line' id='line_1_24' title="bbox 282 2653 2612 2732; baseline 0 -12"><span class='ocrx_word' id='word_1_187' title='bbox 282 2656 547 2720; x_wconf 81' lang='lat' dir='ltr'>tioribus</span> <span class='ocrx_word' id='word_1_188' title='bbox 600 2655 973 2732; x_wconf 81' lang='lat' dir='ltr'>formantur,</span> <span class='ocrx_word' id='word_1_189' title='bbox 1043 2676 1163 2726; x_wconf 91' lang='lat' dir='ltr'>non</span> <span class='ocrx_word' id='word_1_190' title='bbox 1219 2655 1465 2722; x_wconf 88' lang='lat' dir='ltr'>omnino</span> <span class='ocrx_word' id='word_1_191' title='bbox 1512 2655 1717 2729; x_wconf 55' lang='grc' dir='ltr'>ἀρθεὶς</span> <span class='ocrx_word' id='word_1_192' title='bbox 1769 2653 1945 2718; x_wconf 78' lang='lat' dir='ltr'>adest</span> <span class='ocrx_word' id='word_1_193' title='bbox 1999 2671 2055 2715; x_wconf 86' lang='lat' dir='ltr'>v.</span> <span class='ocrx_word' id='word_1_194' title='bbox 2111 2669 2162 2715; x_wconf 82' lang='lat' dir='ltr'>c.</span> <span class='ocrx_word' id='word_1_195' title='bbox 2219 2653 2381 2717; x_wconf 83' lang='lat' dir='ltr'>circa</span> <span class='ocrx_word' id='word_1_196' title='bbox 2433 2653 2612 2721; x_wconf 88' lang='lat' dir='ltr'>Chri-</span> 
     </span>
     <span class='ocr_line' id='line_1_25' title="bbox 283 2745 2612 2843; baseline -0.001 -20"><span class='ocrx_word' id='word_1_197' title='bbox 283 2758 605 2835; x_wconf 80' lang='lat' dir='ltr'>stianiam,</span> <span class='ocrx_word' id='word_1_198' title='bbox 659 2759 721 2822; x_wconf 91' lang='lat' dir='ltr'>in</span> <span class='ocrx_word' id='word_1_199' title='bbox 778 2745 1038 2822; x_wconf 82' lang='lat' dir='ltr'>Olandia</span> <span class='ocrx_word' id='word_1_200' title='bbox 1091 2759 1176 2843; x_wconf 92' lang='lat' dir='ltr'>pl.</span> <span class='ocrx_word' id='word_1_201' title='bbox 1234 2758 1374 2834; x_wconf 64' lang='lat' dir='ltr'>loo„</span> <span class='ocrx_word' id='word_1_202' title='bbox 1423 2758 1499 2822; x_wconf 85' lang='lat' dir='ltr'>ad</span> <span class='ocrx_word' id='word_1_203' title='bbox 1545 2756 1829 2840; x_wconf 88' lang='lat' dir='ltr'>Pellinge</span> <span class='ocrx_word' id='word_1_204' title='bbox 1875 2757 1938 2819; x_wconf 78' lang='lat' dir='ltr'>et</span> <span class='ocrx_word' id='word_1_205' title='bbox 1980 2754 2378 2819; x_wconf 87' lang='lat' dir='ltr'>Hasselholm</span> <span class='ocrx_word' id='word_1_206' title='bbox 2422 2756 2612 2822; x_wconf 87' lang='lat' dir='ltr'>Alan-</span> 
     </span>
     <span class='ocr_line' id='line_1_26' title="bbox 282 2857 2614 2945; baseline -0 -21"><span class='ocrx_word' id='word_1_207' title='bbox 282 2860 402 2924; x_wconf 87' lang='lat' dir='ltr'>diae</span> <span class='ocrx_word' id='word_1_208' title='bbox 450 2860 552 2943; x_wconf 79' lang='grc' dir='ltr'>(Ε.</span> <span class='ocrx_word' id='word_1_209' title='bbox 599 2858 817 2944; x_wconf 61' lang='lat' dir='ltr'>Nym,</span> <span class='ocrx_word' id='word_1_210' title='bbox 864 2861 942 2925; x_wconf 89' lang='lat' dir='ltr'>ad</span> <span class='ocrx_word' id='word_1_211' title='bbox 986 2861 1204 2945; x_wconf 89' lang='lat' dir='ltr'>Tjudie</span> <span class='ocrx_word' id='word_1_212' title='bbox 1248 2860 1520 2925; x_wconf 82' lang='lat' dir='ltr'>Kareliae</span> <span class='ocrx_word' id='word_1_213' title='bbox 1564 2858 1951 2945; x_wconf 87' lang='lat' dir='ltr'>(Kullhem).</span> <span class='ocrx_word' id='word_1_214' title='bbox 1980 2857 2231 2922; x_wconf 87' lang='lat' dir='ltr'>—Var.</span> <span class='ocrx_word' id='word_1_215' title='bbox 2264 2858 2321 2920; x_wconf 83' lang='grc' dir='ltr'>δ.</span> <span class='ocrx_word' id='word_1_216' title='bbox 2354 2859 2614 2943; x_wconf 89' lang='lat' dir='ltr'>denique</span> 
     </span>
     <span class='ocr_line' id='line_1_27' title="bbox 285 2957 2616 3047; baseline -0 -21"><span class='ocrx_word' id='word_1_217' title='bbox 285 2982 474 3045; x_wconf 87' lang='lat' dir='ltr'>supra</span> <span class='ocrx_word' id='word_1_218' title='bbox 542 2979 787 3027; x_wconf 81' lang='lat' dir='ltr'>muscos</span> <span class='ocrx_word' id='word_1_219' title='bbox 851 2982 1031 3047; x_wconf 84' lang='lat' dir='ltr'>parce</span> <span class='ocrx_word' id='word_1_220' title='bbox 1098 2963 1255 3028; x_wconf 76' lang='lat' dir='ltr'>lecta</span> <span class='ocrx_word' id='word_1_221' title='bbox 1324 2965 1419 3026; x_wconf 78' lang='lat' dir='ltr'>est</span> <span class='ocrx_word' id='word_1_222' title='bbox 1474 2963 1536 3027; x_wconf 93' lang='lat' dir='ltr'>in</span> <span class='ocrx_word' id='word_1_223' title='bbox 1592 2961 1915 3042; x_wconf 74' lang='lat' dir='ltr'>Norveye&#39;a</span> <span class='ocrx_word' id='word_1_224' title='bbox 1970 2959 2048 3023; x_wconf 86' lang='lat' dir='ltr'>ad</span> <span class='ocrx_word' id='word_1_225' title='bbox 2107 2957 2616 3043; x_wconf 78' lang='lat' dir='ltr'>Storvigsnaesset-</span> 
     </span>
     <span class='ocr_line' id='line_1_28' title="bbox 281 3058 2613 3148; baseline -0.001 -18"><span class='ocrx_word' id='word_1_226' title='bbox 281 3065 455 3130; x_wconf 87' lang='lat' dir='ltr'>sinus</span> <span class='ocrx_word' id='word_1_227' title='bbox 519 3063 794 3129; x_wconf 85' lang='lat' dir='ltr'>Altensis</span> <span class='ocrx_word' id='word_1_228' title='bbox 861 3068 924 3129; x_wconf 79' lang='lat' dir='ltr'>et</span> <span class='ocrx_word' id='word_1_229' title='bbox 978 3065 1041 3130; x_wconf 92' lang='lat' dir='ltr'>in</span> <span class='ocrx_word' id='word_1_230' title='bbox 1098 3066 1306 3129; x_wconf 76' lang='lat' dir='ltr'>monte</span> <span class='ocrx_word' id='word_1_231' title='bbox 1363 3058 1604 3128; x_wconf 68' lang='lat' dir='ltr'>Alddok</span> <span class='ocrx_word' id='word_1_232' title='bbox 1656 3082 1846 3148; x_wconf 85' lang='lat' dir='ltr'>prope</span> <span class='ocrx_word' id='word_1_233' title='bbox 1904 3062 2019 3125; x_wconf 87' lang='lat' dir='ltr'>sin.</span> <span class='ocrx_word' id='word_1_234' title='bbox 2089 3058 2411 3145; x_wconf 87' lang='lat' dir='ltr'>Varanger</span> <span class='ocrx_word' id='word_1_235' title='bbox 2465 3063 2613 3128; x_wconf 85' lang='lat' dir='ltr'>Fin-</span> 
     </span>
     <span class='ocr_line' id='line_1_29' title="bbox 284 3155 2612 3252; baseline -0.001 -20"><span class='ocrx_word' id='word_1_236' title='bbox 284 3166 571 3243; x_wconf 80' lang='lat' dir='ltr'>markiae,</span> <span class='ocrx_word' id='word_1_237' title='bbox 614 3186 723 3231; x_wconf 82' lang='lat' dir='ltr'>neo</span> <span class='ocrx_word' id='word_1_238' title='bbox 769 3186 888 3232; x_wconf 90' lang='lat' dir='ltr'>non</span> <span class='ocrx_word' id='word_1_239' title='bbox 934 3168 1094 3231; x_wconf 84' lang='lat' dir='ltr'>inter</span> <span class='ocrx_word' id='word_1_240' title='bbox 1138 3155 1291 3251; x_wconf 77' lang='lat' dir='ltr'>Ojen</span> <span class='ocrx_word' id='word_1_241' title='bbox 1336 3170 1398 3231; x_wconf 81' lang='lat' dir='ltr'>et</span> <span class='ocrx_word' id='word_1_242' title='bbox 1435 3166 1740 3231; x_wconf 80' lang='lat' dir='ltr'>Klevstad</span> <span class='ocrx_word' id='word_1_243' title='bbox 1786 3163 2338 3230; x_wconf 84' lang='lat' dir='ltr'>Gudbrandsdaliae</span> <span class='ocrx_word' id='word_1_244' title='bbox 2384 3166 2612 3252; x_wconf 82' lang='lat' dir='ltr'>(ipse);</span> 
     </span>
     <span class='ocr_line' id='line_1_30' title="bbox 283 3266 2613 3352; baseline -0.001 -19"><span class='ocrx_word' id='word_1_245' title='bbox 283 3270 351 3333; x_wconf 90' lang='lat' dir='ltr'>in</span> <span class='ocrx_word' id='word_1_246' title='bbox 402 3267 629 3334; x_wconf 63' lang='lat' dir='ltr'>Saenia</span> <span class='ocrx_word' id='word_1_247' title='bbox 682 3270 761 3334; x_wconf 86' lang='lat' dir='ltr'>ad</span> <span class='ocrx_word' id='word_1_248' title='bbox 809 3270 1142 3334; x_wconf 81' lang='lat' dir='ltr'>Enontekis</span> <span class='ocrx_word' id='word_1_249' title='bbox 1193 3269 1522 3351; x_wconf 85' lang='lat' dir='ltr'>Lapponiae</span> <span class='ocrx_word' id='word_1_250' title='bbox 1568 3268 1899 3334; x_wconf 86' lang='lat' dir='ltr'>Tornensis</span> <span class='ocrx_word' id='word_1_251' title='bbox 1944 3266 2037 3352; x_wconf 88' lang='lat' dir='ltr'>(J.</span> <span class='ocrx_word' id='word_1_252' title='bbox 2084 3267 2153 3330; x_wconf 92' lang='lat' dir='ltr'>P.</span> <span class='ocrx_word' id='word_1_253' title='bbox 2202 3266 2508 3352; x_wconf 86' lang='lat' dir='ltr'>Norrlin).</span> <span class='ocrx_word' id='word_1_254' title='bbox 2533 3306 2613 3314; x_wconf 90' lang='lat'>—-</span> 
     </span>
     <span class='ocr_line' id='line_1_31' title="bbox 287 3370 2620 3455; baseline 0.001 -20"><span class='ocrx_word' id='word_1_255' title='bbox 287 3372 516 3436; x_wconf 86' lang='lat' dir='ltr'>Forma</span> <span class='ocrx_word' id='word_1_256' title='bbox 569 3393 629 3434; x_wconf 88' lang='grc' dir='ltr'>α.</span> <span class='ocrx_word' id='word_1_257' title='bbox 684 3371 873 3455; x_wconf 81' lang='lat' dir='ltr'>vulgo</span> <span class='ocrx_word' id='word_1_258' title='bbox 919 3375 1101 3455; x_wconf 82' lang='lat' dir='ltr'>atque</span> <span class='ocrx_word' id='word_1_259' title='bbox 1148 3393 1201 3451; x_wconf 84' lang='grc' dir='ltr'>γ.</span> <span class='ocrx_word' id='word_1_260' title='bbox 1248 3372 1406 3436; x_wconf 90' lang='lat' dir='ltr'>haud</span> <span class='ocrx_word' id='word_1_261' title='bbox 1456 3391 1595 3439; x_wconf 85' lang='lat' dir='ltr'>raro</span> <span class='ocrx_word' id='word_1_262' title='bbox 1640 3370 2001 3438; x_wconf 77' lang='lat' dir='ltr'>fructiferae:</span> <span class='ocrx_word' id='word_1_263' title='bbox 2049 3372 2107 3451; x_wconf 85' lang='grc' dir='ltr'>β.</span> <span class='ocrx_word' id='word_1_264' title='bbox 2150 3371 2509 3453; x_wconf 84' lang='lat' dir='ltr'>parcissime</span> <span class='ocrx_word' id='word_1_265' title='bbox 2555 3374 2620 3437; x_wconf 82' lang='lat' dir='ltr'>et</span> 
     </span>
    </p>
   </div>
   <div class='ocr_carea' id='block_1_4' title="bbox 285 3473 2625 4005">
    <p class='ocr_par' dir='ltr' id='par_1_6' title="bbox 285 3473 2153 3558">
     <span class='ocr_line' id='line_1_32' title="bbox 285 3473 2153 3558; baseline -0.001 -21"><span class='ocrx_word' id='word_1_266' title='bbox 285 3475 342 3537; x_wconf 81' lang='grc' dir='ltr'>δ.</span> <span class='ocrx_word' id='word_1_267' title='bbox 390 3475 687 3538; x_wconf 75' lang='lat' dir='ltr'>hactenus</span> <span class='ocrx_word' id='word_1_268' title='bbox 732 3494 1065 3558; x_wconf 89' lang='lat' dir='ltr'>numquam</span> <span class='ocrx_word' id='word_1_269' title='bbox 1110 3478 1254 3539; x_wconf 59' lang='lat' dir='ltr'>suni</span> <span class='ocrx_word' id='word_1_270' title='bbox 1295 3473 1474 3539; x_wconf 76' lang='lat' dir='ltr'>leotae</span> <span class='ocrx_word' id='word_1_271' title='bbox 1520 3474 1858 3558; x_wconf 78' lang='lat' dir='ltr'>apotheeiis</span> <span class='ocrx_word' id='word_1_272' title='bbox 1904 3475 2153 3537; x_wconf 78' lang='lat' dir='ltr'>ornatae.</span> 
     </span>
    </p>

    <p class='ocr_par' dir='ltr' id='par_1_7' title="bbox 286 3573 2625 4005">
     <span class='ocr_line' id='line_1_33' title="bbox 426 3573 2617 3644; baseline 0 -17"><span class='ocrx_word' id='word_1_273' title='bbox 426 3574 636 3644; x_wconf 81' lang='lat' dir='ltr'>Species</span> <span class='ocrx_word' id='word_1_274' title='bbox 690 3573 775 3626; x_wconf 83' lang='lat' dir='ltr'>vix</span> <span class='ocrx_word' id='word_1_275' title='bbox 827 3573 985 3628; x_wconf 89' lang='lat' dir='ltr'>dubie</span> <span class='ocrx_word' id='word_1_276' title='bbox 1039 3577 1174 3630; x_wconf 82' lang='lat' dir='ltr'>bona</span> <span class='ocrx_word' id='word_1_277' title='bbox 1229 3581 1284 3631; x_wconf 81' lang='lat' dir='ltr'>et</span> <span class='ocrx_word' id='word_1_278' title='bbox 1338 3577 1615 3638; x_wconf 83' lang='lat' dir='ltr'>distincta,</span> <span class='ocrx_word' id='word_1_279' title='bbox 1657 3576 1759 3629; x_wconf 76' lang='lat' dir='ltr'>etsi</span> <span class='ocrx_word' id='word_1_280' title='bbox 1794 3574 1926 3629; x_wconf 80' lang='lat' dir='ltr'>adeo</span> <span class='ocrx_word' id='word_1_281' title='bbox 1961 3577 2169 3644; x_wconf 74' lang='lat' dir='ltr'>protea,</span> <span class='ocrx_word' id='word_1_282' title='bbox 2210 3574 2271 3625; x_wconf 86' lang='lat' dir='ltr'>ut</span> <span class='ocrx_word' id='word_1_283' title='bbox 2306 3575 2459 3626; x_wconf 75' lang='lat' dir='ltr'>notas</span> <span class='ocrx_word' id='word_1_284' title='bbox 2495 3589 2617 3628; x_wconf 85' lang='lat' dir='ltr'>con·</span> 
     </span>
     <span class='ocr_line' id='line_1_34' title="bbox 286 3653 2617 3720; baseline 0 -5"><span class='ocrx_word' id='word_1_285' title='bbox 286 3664 490 3715; x_wconf 58' lang='lat' dir='ltr'>stantes</span> <span class='ocrx_word' id='word_1_286' title='bbox 534 3661 721 3716; x_wconf 75' lang='lat' dir='ltr'>afferre</span> <span class='ocrx_word' id='word_1_287' title='bbox 766 3660 839 3713; x_wconf 78' lang='lat' dir='ltr'>sit</span> <span class='ocrx_word' id='word_1_288' title='bbox 884 3659 1276 3716; x_wconf 80' lang='lat' dir='ltr'>difficillimum.</span> <span class='ocrx_word' id='word_1_289' title='bbox 1357 3663 1582 3716; x_wconf 82' lang='lat' dir='ltr'>Maxime</span> <span class='ocrx_word' id='word_1_290' title='bbox 1630 3661 1876 3717; x_wconf 86' lang='lat' dir='ltr'>recedens</span> <span class='ocrx_word' id='word_1_291' title='bbox 1913 3663 1995 3714; x_wconf 75' lang='lat' dir='ltr'>est</span> <span class='ocrx_word' id='word_1_292' title='bbox 2030 3674 2140 3711; x_wconf 79' lang='lat' dir='ltr'>var.</span> <span class='ocrx_word' id='word_1_293' title='bbox 2183 3653 2257 3720; x_wconf 84' lang='grc' dir='ltr'>δ.,</span> <span class='ocrx_word' id='word_1_294' title='bbox 2294 3659 2483 3713; x_wconf 81' lang='lat' dir='ltr'>habitu</span> <span class='ocrx_word' id='word_1_295' title='bbox 2516 3661 2617 3715; x_wconf 76' lang='lat' dir='ltr'>Ph.</span> 
     </span>
     <span class='ocr_line' id='line_1_35' title="bbox 286 3746 2619 3819; baseline -0.001 -17"><span class='ocrx_word' id='word_1_296' title='bbox 286 3749 524 3803; x_wconf 62' lang='grc' dir='ltr'>σίδαν-ειη</span> <span class='ocrx_word' id='word_1_297' title='bbox 559 3748 813 3818; x_wconf 78' lang='lat' dir='ltr'>pmnilam</span> <span class='ocrx_word' id='word_1_298' title='bbox 850 3747 1221 3819; x_wconf 77' lang='lat' dir='ltr'>reductamque</span> <span class='ocrx_word' id='word_1_299' title='bbox 1257 3749 1531 3811; x_wconf 80' lang='lat' dir='ltr'>aemulans,</span> <span class='ocrx_word' id='word_1_300' title='bbox 1570 3749 1719 3817; x_wconf 86' lang='lat' dir='ltr'>cujus</span> <span class='ocrx_word' id='word_1_301' title='bbox 1755 3764 1878 3802; x_wconf 80' lang='lat' dir='ltr'>vero</span> <span class='ocrx_word' id='word_1_302' title='bbox 1913 3749 2139 3800; x_wconf 71' lang='lat' dir='ltr'>stratum</span> <span class='ocrx_word' id='word_1_303' title='bbox 2178 3746 2428 3800; x_wconf 75' lang='lat' dir='ltr'>corticale</span> <span class='ocrx_word' id='word_1_304' title='bbox 2464 3764 2619 3818; x_wconf 85' lang='lat' dir='ltr'>supe-</span> 
     </span>
     <span class='ocr_line' id='line_1_36' title="bbox 288 3831 2618 3904; baseline 0.001 -16"><span class='ocrx_word' id='word_1_305' title='bbox 288 3834 400 3888; x_wconf 81' lang='lat' dir='ltr'>rius</span> <span class='ocrx_word' id='word_1_306' title='bbox 446 3834 632 3889; x_wconf 82' lang='lat' dir='ltr'>eximie</span> <span class='ocrx_word' id='word_1_307' title='bbox 675 3834 1195 3904; x_wconf 79' lang='lat' dir='ltr'>parenchymaticum</span> <span class='ocrx_word' id='word_1_308' title='bbox 1238 3835 1593 3890; x_wconf 78' lang='lat' dir='ltr'>differentiam</span> <span class='ocrx_word' id='word_1_309' title='bbox 1634 3833 1840 3889; x_wconf 82' lang='lat' dir='ltr'>abunde</span> <span class='ocrx_word' id='word_1_310' title='bbox 1883 3831 2086 3903; x_wconf 78' lang='lat' dir='ltr'>probat..</span> <span class='ocrx_word' id='word_1_311' title='bbox 2170 3832 2376 3888; x_wconf 80' lang='lat' dir='ltr'>Directi</span> <span class='ocrx_word' id='word_1_312' title='bbox 2419 3836 2474 3889; x_wconf 89' lang='lat' dir='ltr'>in</span> <span class='ocrx_word' id='word_1_313' title='bbox 2511 3853 2618 3890; x_wconf 83' lang='lat' dir='ltr'>var.</span> 
     </span>
     <span class='ocr_line' id='line_1_37' title="bbox 289 3919 2625 4005; baseline 0.002 -32"><span class='ocrx_word' id='word_1_314' title='bbox 289 3940 338 3990; x_wconf 86' lang='grc' dir='ltr'>γ.</span> <span class='ocrx_word' id='word_1_315' title='bbox 377 3922 633 3974; x_wconf 76' lang='lat' dir='ltr'>transitus</span> <span class='ocrx_word' id='word_1_316' title='bbox 680 3924 935 4005; x_wconf 71' lang='lat' dir='ltr'>praeterea</span> <span class='ocrx_word' id='word_1_317' title='bbox 980 3926 1103 3977; x_wconf 82' lang='lat' dir='ltr'>sunt</span> <span class='ocrx_word' id='word_1_318' title='bbox 1139 3923 1423 3978; x_wconf 75' lang='lat' dir='ltr'>observati.</span> <span class='ocrx_word' id='word_1_319' title='bbox 1465 3954 1528 3963; x_wconf 92' lang='lat'>-</span> <span class='ocrx_word' id='word_1_320' title='bbox 1568 3920 1642 3975; x_wconf 76' lang='lat' dir='ltr'>In</span> <span class='ocrx_word' id='word_1_321' title='bbox 1676 3920 1918 3973; x_wconf 78' lang='lat' dir='ltr'>omnibus</span> <span class='ocrx_word' id='word_1_322' title='bbox 1945 3919 2147 3987; x_wconf 60' lang='lat' dir='ltr'>fomis</span> <span class='ocrx_word' id='word_1_323' title='bbox 2181 3921 2393 3975; x_wconf 78' lang='lat' dir='ltr'>nullam</span> <span class='ocrx_word' id='word_1_324' title='bbox 2428 3923 2625 3977; x_wconf 67' lang='lat' dir='ltr'>eoloris</span> 
     </span>
    </p>
   </div>
   <div class='ocr_carea' id='block_1_5' title="bbox 289 4004 2741 4088">
    <p class='ocr_par' dir='ltr' id='par_1_8' title="bbox 289 4004 2741 4088">
     <span class='ocr_line' id='line_1_38' title="bbox 289 4004 2741 4088; baseline 0.001 -28"><span class='ocrx_word' id='word_1_325' title='bbox 289 4008 653 4071; x_wconf 60' lang='lat' dir='ltr'>mmmm,</span> <span class='ocrx_word' id='word_1_326' title='bbox 711 4007 775 4060; x_wconf 89' lang='lat' dir='ltr'><strong><em>K</em></strong></span> <span class='ocrx_word' id='word_1_327' title='bbox 813 4015 1186 4076; x_wconf 74' lang='lat' dir='ltr'>provocatam,</span> <span class='ocrx_word' id='word_1_328' title='bbox 1227 4009 1500 4077; x_wconf 70' lang='lat' dir='ltr'>potuimus</span> <span class='ocrx_word' id='word_1_329' title='bbox 1541 4008 1791 4061; x_wconf 77' lang='lat' dir='ltr'>invenire.</span> <span class='ocrx_word' id='word_1_330' title='bbox 1833 4037 1895 4046; x_wconf 96' lang='lat'><strong>—</strong></span> <span class='ocrx_word' id='word_1_331' title='bbox 1933 4005 2108 4076; x_wconf 79' lang='lat' dir='ltr'>Sporae</span> <span class='ocrx_word' id='word_1_332' title='bbox 2154 4004 2454 4067; x_wconf 79' lang='lat' dir='ltr'>O,o2o—-36</span> <span class='ocrx_word' id='word_1_333' title='bbox 2490 4025 2616 4062; x_wconf 90' lang='lat' dir='ltr'>mm.</span> <span class='ocrx_word' id='word_1_334' title='bbox 2736 4087 2741 4088; x_wconf 10' lang='grc' dir='ltr'><em>γ</em></span> 
     </span>
    </p>
   </div>
   <div class='ocr_carea' id='block_1_6' title="bbox 292 4093 2624 4598">
    <p class='ocr_par' dir='ltr' id='par_1_9' title="bbox 292 4093 1283 4162">
     <span class='ocr_line' id='line_1_39' title="bbox 292 4093 1283 4162; baseline 0.001 -16"><span class='ocrx_word' id='word_1_335' title='bbox 292 4093 460 4162; x_wconf 70' lang='lat' dir='ltr'>long-re</span> <span class='ocrx_word' id='word_1_336' title='bbox 497 4099 553 4147; x_wconf 82' lang='lat' dir='ltr'>et</span> <span class='ocrx_word' id='word_1_337' title='bbox 586 4096 885 4156; x_wconf 74' lang='grc'><strong>0,(»10-12</strong></span> <span class='ocrx_word' id='word_1_338' title='bbox 925 4112 1047 4148; x_wconf 89' lang='lat' dir='ltr'>mm.</span> <span class='ocrx_word' id='word_1_339' title='bbox 1085 4111 1283 4150; x_wconf 81' lang='lat' dir='ltr'>crassae.</span> 
     </span>
    </p>

    <p class='ocr_par' dir='ltr' id='par_1_10' title="bbox 295 4180 2620 4337">
     <span class='ocr_line' id='line_1_40' title="bbox 424 4180 2620 4252; baseline -0.002 -15"><span class='ocrx_word' id='word_1_340' title='bbox 424 4183 537 4237; x_wconf 75' lang='lat' dir='ltr'>ssbs.</span> <span class='ocrx_word' id='word_1_341' title='bbox 609 4180 810 4234; x_wconf 74' lang='lat' dir='ltr'>Proeter</span> <span class='ocrx_word' id='word_1_342' title='bbox 844 4182 1129 4236; x_wconf 77' lang='lat' dir='ltr'>varietates</span> <span class='ocrx_word' id='word_1_343' title='bbox 1166 4199 1322 4252; x_wconf 83' lang='lat' dir='ltr'>supra</span> <span class='ocrx_word' id='word_1_344' title='bbox 1358 4186 1793 4236; x_wconf 77' lang='lat' dir='ltr'>commemoratas</span> <span class='ocrx_word' id='word_1_345' title='bbox 1826 4180 1968 4234; x_wconf 77' lang='lat' dir='ltr'>haud</span> <span class='ocrx_word' id='word_1_346' title='bbox 2002 4196 2179 4249; x_wconf 75' lang='lat' dir='ltr'>paucae</span> <span class='ocrx_word' id='word_1_347' title='bbox 2216 4180 2281 4233; x_wconf 82' lang='lat' dir='ltr'>ab</span> <span class='ocrx_word' id='word_1_348' title='bbox 2318 4180 2620 4234; x_wconf 83' lang='lat' dir='ltr'>auctoribus</span> 
     </span>
     <span class='ocr_line' id='line_1_41' title="bbox 295 4267 1468 4337; baseline 0.001 -16"><span class='ocrx_word' id='word_1_349' title='bbox 295 4267 677 4321; x_wconf 81' lang='lat' dir='ltr'>scandinavicis</span> <span class='ocrx_word' id='word_1_350' title='bbox 713 4272 837 4321; x_wconf 82' lang='lat' dir='ltr'>sunt</span> <span class='ocrx_word' id='word_1_351' title='bbox 873 4270 1081 4337; x_wconf 83' lang='lat' dir='ltr'>agnitae.</span> <span class='ocrx_word' id='word_1_352' title='bbox 1155 4268 1280 4334; x_wconf 81' lang='lat' dir='ltr'>Quae</span> <span class='ocrx_word' id='word_1_353' title='bbox 1316 4271 1468 4322; x_wconf 77' lang='lat' dir='ltr'>sunt:</span> 
     </span>
    </p>

    <p class='ocr_par' dir='ltr' id='par_1_11' title="bbox 295 4349 2624 4598">
     <span class='ocr_line' id='line_1_42' title="bbox 431 4349 2618 4423; baseline -0.002 -16"><span class='ocrx_word' id='word_1_354' title='bbox 431 4355 499 4423; x_wconf 80' lang='lat' dir='ltr'>A)</span> <span class='ocrx_word' id='word_1_355' title='bbox 537 4353 604 4407; x_wconf 77' lang='lat' dir='ltr'>ad</span> <span class='ocrx_word' id='word_1_356' title='bbox 641 4354 862 4408; x_wconf 82' lang='lat' dir='ltr'>formam</span> <span class='ocrx_word' id='word_1_357' title='bbox 899 4372 953 4407; x_wconf 88' lang='lat' dir='ltr'>a.</span> <span class='ocrx_word' id='word_1_358' title='bbox 994 4354 1305 4408; x_wconf 73' lang='lat' dir='ltr'>referendae:</span> <span class='ocrx_word' id='word_1_359' title='bbox 1344 4359 1635 4423; x_wconf 73' lang='lat' dir='ltr'>unqu-stata</span> <span class='ocrx_word' id='word_1_360' title='bbox 1660 4353 1901 4422; x_wconf 83' lang='lat' dir='ltr'>(Hoffm.)</span> <span class='ocrx_word' id='word_1_361' title='bbox 1927 4352 2055 4407; x_wconf 69' lang='lat' dir='ltr'>Aah.</span> <span class='ocrx_word' id='word_1_362' title='bbox 2083 4351 2238 4406; x_wconf 83' lang='lat' dir='ltr'>Univ.</span> <span class='ocrx_word' id='word_1_363' title='bbox 2267 4370 2318 4421; x_wconf 90' lang='lat' dir='ltr'>p.</span> <span class='ocrx_word' id='word_1_364' title='bbox 2346 4351 2468 4411; x_wconf 88' lang='grc'><strong>474,</strong></span> <span class='ocrx_word' id='word_1_365' title='bbox 2493 4349 2618 4403; x_wconf 82' lang='lat' dir='ltr'>Vet.</span> 
     </span>
     <span class='ocr_line' id='line_1_43' title="bbox 295 4437 2623 4511; baseline -0.002 -17"><span class='ocrx_word' id='word_1_366' title='bbox 295 4441 390 4494; x_wconf 79' lang='lat' dir='ltr'>Ak.</span> <span class='ocrx_word' id='word_1_367' title='bbox 428 4439 623 4495; x_wconf 81' lang='lat' dir='ltr'>Handl.</span> <span class='ocrx_word' id='word_1_368' title='bbox 664 4441 801 4493; x_wconf 86' lang='lat'>1810</span> <span class='ocrx_word' id='word_1_369' title='bbox 836 4458 890 4510; x_wconf 90' lang='lat' dir='ltr'>p.</span> <span class='ocrx_word' id='word_1_370' title='bbox 930 4442 1058 4502; x_wconf 76' lang='lat'>217,</span> <span class='ocrx_word' id='word_1_371' title='bbox 1106 4440 1228 4510; x_wconf 87' lang='lat' dir='ltr'>Syn.</span> <span class='ocrx_word' id='word_1_372' title='bbox 1266 4459 1318 4511; x_wconf 89' lang='lat' dir='ltr'>p.</span> <span class='ocrx_word' id='word_1_373' title='bbox 1359 4442 1487 4505; x_wconf 82' lang='lat'>214,</span> <span class='ocrx_word' id='word_1_374' title='bbox 1528 4458 1560 4493; x_wconf 79' lang='lat' dir='ltr'>a</span> <span class='ocrx_word' id='word_1_375' title='bbox 1596 4441 1819 4494; x_wconf 81' lang='lat' dir='ltr'>normali</span> <span class='ocrx_word' id='word_1_376' title='bbox 1853 4455 1957 4493; x_wconf 91' lang='lat' dir='ltr'>non</span> <span class='ocrx_word' id='word_1_377' title='bbox 1994 4439 2241 4494; x_wconf 84' lang='lat' dir='ltr'>differens</span> <span class='ocrx_word' id='word_1_378' title='bbox 2275 4439 2379 4492; x_wconf 82' lang='lat' dir='ltr'>nisi</span> <span class='ocrx_word' id='word_1_379' title='bbox 2414 4437 2623 4492; x_wconf 81' lang='lat' dir='ltr'>laciniis</span> 
     </span>
     <span class='ocr_line' id='line_1_44' title="bbox 295 4524 2624 4598; baseline -0.002 -16"><span class='ocrx_word' id='word_1_380' title='bbox 295 4528 564 4598; x_wconf 80' lang='lat' dir='ltr'>angustis,</span> <span class='ocrx_word' id='word_1_381' title='bbox 618 4527 929 4591; x_wconf 84' lang='lat' dir='ltr'>linearibus;</span> <span class='ocrx_word' id='word_1_382' title='bbox 985 4527 1274 4596; x_wconf 69' lang='lat' dir='ltr'>aryyphoea</span> <span class='ocrx_word' id='word_1_383' title='bbox 1329 4528 1454 4582; x_wconf 70' lang='lat' dir='ltr'>Aah.</span> <span class='ocrx_word' id='word_1_384' title='bbox 1516 4526 1669 4581; x_wconf 88' lang='lat' dir='ltr'>Univ.</span> <span class='ocrx_word' id='word_1_385' title='bbox 1716 4543 1766 4597; x_wconf 87' lang='lat' dir='ltr'>p.</span> <span class='ocrx_word' id='word_1_386' title='bbox 1811 4526 1941 4587; x_wconf 80' lang='lat'>474,</span> <span class='ocrx_word' id='word_1_387' title='bbox 1989 4526 2113 4595; x_wconf 80' lang='lat' dir='ltr'>Syn.</span> <span class='ocrx_word' id='word_1_388' title='bbox 2160 4543 2213 4595; x_wconf 88' lang='lat' dir='ltr'>p.</span> <span class='ocrx_word' id='word_1_389' title='bbox 2251 4525 2380 4582; x_wconf 81' lang='lat'>214:</span> <span class='ocrx_word' id='word_1_390' title='bbox 2416 4524 2624 4584; x_wconf 77' lang='lat' dir='ltr'>laciniis</span> 
     </span>
    </p>
   </div>
  </div>
 </body>
</html>
