3177 5011
1371 310 1497 377 203

265 463 474 516 scureto
532 460 686 518 facile
739 464 920 520 tamen
972 462 1301 536 dignoscitur
1351 471 1531 521 nostra
1581 466 1876 524 Reum
1935 501 1995 512 -
2044 469 2177 526 Cum
2230 467 2302 525 Β.
2357 463 2591 536 sophach

267 548 533 604 interdum
586 551 697 608 fere
749 551 1007 608 confluere
1062 552 1297 618 videtur;
1353 551 1531 608 forma
1578 557 1778 626 optime
1812 556 2035 613 evoluta
2067 556 2297 613 indolem
2331 555 2594 610 diversam

150 665 159 676 ι
269 634 648 692 demonstrant.

404 727 509 782 Sub
544 731 753 784 nomine
790 751 845 784 α.
887 728 1062 800 plures
1098 726 1458 795 conjunximus
1482 729 1709 799 propriis
1734 728 2029 784 nominibus
2053 729 2356 799 designatas
2379 726 2589 780 formas.

269 816 373 871 Pro
420 817 587 871 forma
630 818 880 888 primaria
914 817 1165 872 habemus
1201 817 1438 887 plantam
1473 816 1802 878 corticolam‚
1842 833 1954 886 quae
1991 816 2298 870 metabolica
2333 812 2425 879 (ad
2461 816 2590 867 cort·

268 904 376 958 arb.
432 904 815 975 frondosarum)
869 908 924 960 et
969 906 1211 974 pim'cola
1267 903 1357 966 (ad
1412 909 1543 959 cort.
1598 905 1736 976 pini)
1789 904 1845 957 in
1889 903 1975 957 Fr.
2013 902 2061 956 S.
2100 902 2160 956 V.
2200 903 2281 957 Sc.
2320 902 2589 956 nominata

267 990 389 1046 fuit.
463 991 586 1047 Haec
640 994 723 1047 est
775 1009 883 1047 var.
937 993 1176 1062 laeviyata
1214 991 1333 1062 Nyl.
1371 991 1556 1046 Scand.
1597 1010 1648 1062 p.
1688 992 1792 1044 148
1827 995 1882 1046 et
1909 992 2112 1060 pyr-ina
2148 989 2278 1044 Ach.
2316 988 2374 1042 11.
2414 1003 2486 1042 cc.
2525 1016 2590 1027 —

267 1077 466 1133 Eadem
536 1079 827 1149 apotheciis
880 1079 1245 1135 sublecideinis
1307 1078 1577 1148 thalloque
1631 1078 1984 1150 depauperato
2039 1078 2122 1131 est
2175 1093 2281 1130 var.
2340 1075 2594 1131 lecideina

266 1165 387 1235 Nyl.
436 1167 492 1221 in
543 1166 700 1221 Herb.
755 1166 891 1220 Mus.
948 1165 1111 1220 Fenn.
1166 1184 1216 1237 p.
1253 1166 1344 1231 87;
1384 1166 1450 1221 ab
1486 1167 1584 1222 hac
1622 1165 1708 1219 vix
1743 1165 1944 1220 recedit
1981 1180 2089 1218 var.
2132 1164 2434 1218 leer'deoides
2463 1160 2587 1232 Nyl.

265 1250 452 1307 Scand.
504 1271 557 1324 p.
614 1254 718 1307 149
776 1253 878 1307 nisi
931 1253 1101 1308 thallo
1144 1253 1251 1307 fere
1288 1253 1433 1308 nullo
1468 1253 1554 1308 vel
1588 1253 1795 1308 macula
1828 1251 2007 1308 albida
2041 1249 2195 1306 modo
2231 1249 2482 1305 indicato.
2525 1280 2590 1290 -

264 1338 458 1394 Forma
500 1340 726 1395 saxicola
774 1340 1078 1407 (Lecanora
1120 1341 1314 1409 exigua
1355 1339 1536 1394 Smrft.
1570 1339 1753 1410 Suppl.
1792 1359 1840 1411 p.
1878 1341 1969 1410 98)
2005 1343 2090 1395 est
2124 1336 2250 1392 Rin-
2287 1337 2595 1393 metabolica

266 1431 324 1497 β.
383 1427 609 1481 demissa
658 1427 817 1482 Korb.
873 1427 1013 1497 Syst.
1070 1445 1121 1497 p.
1172 1427 1277 1480 124
1311 1443 1355 1480 s.
1394 1426 1465 1481 R.
1505 1427 1699 1495 exiqua
1734 1432 1789 1498 β.
1830 1427 2057 1481 derum
2092 1425 2189 1479 Th.
2225 1424 2314 1478 Fr.
2353 1424 2497 1478 Arct.
2535 1441 2588 1493 p.

266 1513 396 1578 129,
435 1519 612 1569 crusta
646 1514 795 1569 tenui
832 1532 878 1568 v.
916 1513 1176 1578 obsoleta,
1203 1512 1737 1584 leproso-granulata,
1766 1512 2275 1567 viridi-fuscescente
2301 1527 2348 1564 v.
2375 1508 2592 1581 pallida,

263 1600 557 1670 apotheciis
608 1602 828 1656 minutis
881 1601 1091 1656 demum
1146 1601 1505 1671 emarginstis.
1547 1632 1611 1640 —-
1651 1599 1844 1653 Forma
1897 1600 2153 1670 praecipue
2211 1598 2467 1653 trabicols
2509 1599 2594 1652 est

267 1687 388 1742 Loe.
433 1689 690 1757 sophocles
739 1705 848 1743 var.
898 1690 1092 1758 exiyua
1126 1686 1246 1757 Nyl.
1286 1686 1467 1741 Scand.
1507 1705 1557 1757 p.
1598 1688 1715 1740 150.
1757 1717 1817 1726 —
1858 1687 2012 1757 Apud
2049 1686 2146 1739 has
2182 1702 2360 1741 omnes
2395 1684 2593 1739 thallus

266 1759 318 1828 1‘1
370 1792 505 1829 nunc
557 1776 808 1831 distincte
856 1777 1071 1830 lutescit
1108 1777 1387 1846 (praecipue
1423 1792 1580 1844 quam
1620 1777 1798 1829 crusta
1831 1779 1915 1830 est
1950 1775 2177 1837 albida),
2215 1790 2350 1828 nunc
2387 1771 2593 1826 sordide

265 1879 318 1915 v.
375 1862 592 1919 obscure
646 1865 819 1919 luteo·
874 1881 924 1921 v.
977 1860 1557 1917 rufescenti-fuscescit.
1644 1859 1815 1926 Quum
1860 1862 2002 1918 color
2037 1865 2120 1916 est
2155 1860 2444 1925 obscurior,
2482 1862 2593 1915 haec

264 1951 491 2004 mutatio
527 1951 612 2004 vix
647 1951 733 2006 vel
768 1967 869 2004 non
903 1953 1078 2021 potest
1115 1949 1312 2019 detegi.
1355 1980 1417 1987 —
1456 1949 1645 2002 Partes
1680 1948 1946 2019 apothecii
1982 1949 2199 2003 internae
2235 1948 2308 2003 R.
2343 1949 2594 2018 sophoclis

264 2036 489 2099 simileS,
528 2037 681 2091 modo
716 2039 824 2092 asci
860 2038 1140 2109 (praecipue
1177 2035 1462 2090 formarum
1499 2034 1886 2105 lignicolarum)
1923 2034 2100 2105 paullo
2136 2035 2377 2104 majores.
2414 2035 2588 2106 Sporae

260 2123 557 2187 mou—20
593 2142 719 2179 mm.
756 2124 926 2194 longae
961 2125 1017 2178 et
1052 2123 1355 2185 0,oo⁷—11
1400 2139 1526 2177 mm.
1564 2137 1763 2176 crassas.

402 2211 526 2264 Var.
580 2218 635 2283 β.
692 2211 852 2280 vulgo
901 2212 987 2265 est
1036 2207 1227 2263 melius
1272 2209 1511 2275 evolutn3
1568 2208 1732 2263 etism
1781 2207 1890 2260 haec
1934 2206 2227 2277 apotheciis
2262 2207 2448 2263 habitu
2483 2207 2592 2264 fere

264 2296 536 2353 lecideinis
572 2298 725 2353 ludit.
807 2296 1025 2351 Thallus
1061 2281 1112 2350 K
1148 2313 1355 2366 semper
1391 2296 1610 2351 latescit
1645 2310 1696 2346 v.
1733 2293 2168 2349 luteo-fuscescit.
2242 2295 2415 2365 Sporoe
2439 2295 2591 2366 ellip-

264 2383 475 2449 soideae‚
535 2386 783 2454 utrinque
837 2384 1060 2447 obtusae,
1117 2383 1289 2437 medio
1341 2400 1445 2438 non
1498 2383 1582 2437 vel
1628 2379 1711 2435 vix
1755 2381 2078 2445 constrictae,
2128 2383 2426 2450 Qum—22
2465 2398 2591 2436 mm.

263 2469 430 2540 longae
482 2475 538 2527 et
589 2473 890 2536 0‚007—10
945 2487 1068 2525 mm.
1118 2487 1319 2525 crassae.
1374 2502 1436 2510 —
1480 2469 1673 2525 Forma
1726 2469 1958 2524 omnium
1996 2470 2225 2540 partium
2263 2472 2592 2525 externarum

264 2556 459 2625 majore
511 2557 647 2613 mole
702 2558 972 2621 recedens,
1028 2558 1062 2611 i.
1108 2574 1156 2612 e.
1195 2561 1372 2612 crusta
1407 2558 1684 2620 crassiore,
1723 2557 2015 2628 apotheciis
2050 2556 2391 2628 planiusculis
2427 2555 2589 2610 diam.

265 2643 456 2707 1-1‚5
494 2661 620 2698 mm.
657 2646 805 2708 latis,
845 2649 928 2700 est
961 2645 1241 2700 Rinodina
1275 2646 1503 2700 oaesiena
1539 2643 1706 2711 ‹F1k.)
1743 2643 1904 2699 Korb.
1941 2642 2080 2713 Syst.
2120 2662 2172 2714 p.
2214 2644 2340 2706 126,
2379 2642 2474 2697 Th.
2503 2641 2591 2696 Fr.

264 2727 406 2782 Arct.
444 2747 493 2799 p.
534 2730 636 2785 129
672 2733 816 2800 (Lec.
852 2733 1110 2801 sophodes
1146 2748 1255 2785 var.
1295 2734 1489 2802 eximus
1514 2733 1566 2799 f.
1599 2732 1771 2800 firma
1807 2729 1929 2799 Nyl.
1965 2730 2152 2786 Scand.
2181 2750 2227 2802 p.
2254 2732 2387 2795 150,
2425 2730 2591 2784 Loca·

260 2830 401 2869 nora
437 2817 608 2885 firma
654 2819 778 2888 Nyl.
829 2820 986 2874 Flora
1030 2818 1169 2872 1869
1215 2837 1263 2888 p.
1301 2820 1434 2882 413,
1472 2818 1671 2873 Lecan.
1711 2818 2041 2871 atroeinerea
2076 2818 2200 2888 Nyl.
2239 2819 2362 2874 Not.
2402 2818 2588 2873 Sallsk.

262 2919 314 2971 p.
352 2902 411 2956 F.
449 2908 505 2958 et
539 2905 619 2959 Fi
656 2906 823 2962 Fenn.
857 2906 1017 2961 Forh.
1054 2904 1144 2958 XL
1182 2924 1232 2976 p.
1272 2906 1415 2959 182·.
1487 2905 1629 2959 Loca
1661 2904 1941 2973 norvegica
1976 2921 2133 2974 supra
2166 2906 2332 2961 allata
2363 2906 2433 2960 ad
2455 2906 2591 2960 hanc

262 2989 557 3056 pertinent;
602 2998 858 3062 praeterea
901 2992 1041 3046 lecta
1084 2993 1168 3046 est
1214 2991 1268 3045 in
1312 2989 1709 3060 Midtdklfippen
1763 2994 1820 3044 et
1854 2990 1898 3044 F
1902 2992 2367 3063 unnesdalsberget
2405 2993 2589 3061 Herje·

266 3074 416 3130 daliae
462 3077 536 3148 (S.
583 3079 890 3149 Almqvist).
962 3078 1201 3147 Analoga
1237 3077 1526 3131 truncicola
1561 3077 1731 3131 forma.
1766 3082 1849 3131 est
1884 3079 2165 3135 Lecanora
2200 3080 2404 3134 roboras
2439 3080 2589 3145 Dus„

263 3161 384 3231 Nyl.
432 3163 590 3218 Flora
634 3166 771 3220 1869
813 3185 862 3237 p.
913 3167 1044 3235 412,
1098 3164 1241 3218 nullo
1278 3168 1431 3235 pacto
1468 3164 1534 3218 ab
1572 3186 1626 3216 α.
1659 3167 1862 3234 pyr-ina
1899 3167 2204 3236 separanda.
2279 3165 2591 3235 character,

264 3267 390 3318 quo,
440 3255 577 3306 teste
625 3253 918 3322 NylandrO,
969 3253 1047 3306 hae
1086 3251 1345 3322 ”species'’
1384 3252 1649 3314 nitantur,
1689 3252 1830 3305 color
1866 3252 2021 3307 thalli
2058 3240 2106 3306 Κ
2143 3253 2197 3307 in
2235 3253 2435 3306 luteum
2472 3269 2586 3307 mu-

264 3338 432 3401 tatuS,
472 3340 634 3393 etiam
670 3340 810 3411 apud
846 3344 1048 3394 ceteras
1084 3339 1278 3393 formas
1316 3338 1593 3392 varietatis
1630 3346 1686 3410 β.
1729 3356 1872 3410 aeque
1911 3344 1993 3393 est
2030 3340 2331 3394 distinctus.

401 3442 524 3496 Ver.
579 3464 627 3514 γ.
683 3461 711 3499 e
763 3445 1038 3500 recedente
1094 3444 1206 3498 loco
1263 3443 1427 3497 natali
1473 3443 1713 3497 habitum
1749 3443 2014 3497 diversum
2051 3446 2135 3499 vix
2170 3445 2326 3501 dubie
2363 3449 2585 3518 accepit.

264 3530 313 3583 K
366 3532 451 3584 vix
504 3531 665 3586 ullam
721 3532 802 3587 vel
857 3532 1118 3587 levissime
1171 3532 1370 3586 luteam
1404 3534 1654 3601 provocat
1692 3532 2025 3585 reactionem.
2099 3533 2287 3588 Partes
2323 3537 2588 3606 apothecii

264 3617 482 3672 internae
534 3609 637 3672 n6n
687 3619 951 3674 differunt
998 3650 1057 3659 —-
1097 3620 1216 3673 Var.
1268 3616 1346 3682 δ.,
1396 3634 1551 3688 qnam
1590 3618 1753 3671 etiam
1789 3635 1850 3671 ex
1885 3617 2204 3702 Heidelberg
2239 3626 2308 3690 (v.
2347 3621 2591 3692 Zwackh)

264 3704 615 3774 possidemus,
655 3707 839 3761 habitu
877 3707 1209 3760 Lecanoram
1248 3706 1439 3759 Bockit
1470 3703 1651 3758 refert.
1728 3703 1946 3759 Thallus
1983 3705 2031 3759 K
2067 3705 2318 3764 flavescit.
2363 3740 2419 3750 —-
2461 3710 2590 3780 Spe·

266 3791 434 3844 cimen
478 3793 758 3863 Anglicum
804 3794 1008 3855 sterile,
1047 3810 1079 3846 a
1114 3793 1314 3861 Sslwey
1350 3792 1568 3845 missum
1608 3795 1662 3845 et
1701 3792 2010 3847 ”Lecanora
2044 3811 2268 3863 aspersa
2305 3796 2359 3851 Ε,
2401 3796 2463 3850 Β.
2503 3797 2587 3851 S.”

264 3877 614 3948 appellatum,
653 3880 827 3934 forsan
864 3881 965 3935 huc
1003 3881 1075 3933 sit
1111 3879 1455 3935 referendum.

404 4000 516 4056 obs.
560 4005 602 4058 l.
672 4003 735 4057 In
772 4003 1053 4072 specimine
1091 4019 1195 4055 var.
1233 4007 1289 4072 β.
1329 4000 1396 4055 ad
1434 3986 1631 4054 Orehro
1666 4001 1805 4055 lecto
1843 4001 2041 4056 thallus
2075 4020 2352 4059 numerosa
2375 4005 2590 4075 gonidia

266 4087 469 4142 minuta
502 4088 835 4160 ellipsoidea‚
875 4105 993 4142 cum
1027 4088 1254 4157 gonidiis
1291 4089 1462 4142 solitis
1500 4090 1688 4149 mixta,
1728 4090 1886 4144 fovet.

406 4211 519 4267 obs.
566 4213 616 4267 2.
686 4211 890 4267 Nomen
928 4212 1130 4280 eoeiyuae
1165 4210 1420 4265 Acharius
1470 4211 1729 4281 praecipue
1785 4214 1974 4268 tribuit
2022 4215 2392 4286 speciminibus
2428 4214 2589 4269 corti-

264 4298 391 4353 colis
427 4299 604 4354 formae
641 4300 898 4370 primariae
934 4298 1092 4367 hujus
1129 4299 1345 4368 speciei;
1385 4297 1634 4351 nonnulla
1670 4299 1919 4370 lignicols
1955 4301 2009 4354 in
2047 4300 2189 4355 herb.
2229 4304 2496 4356 asservata
2520 4300 2587 4355 ad

269 4387 340 4441 R.
396 4388 697 4456 tur-saccum
748 4404 793 4441 c.
836 4388 1114 4441 —archaeam
1167 4384 1453 4454 pertinent.
1499 4415 1560 4423 —
1600 4385 1858 4441 Prirnsria
1911 4389 2093 4443 Parm-
2139 4389 2462 4457 confraqosa
2507 4393 2591 4443 est

267 4479 445 4529 nostra
499 4491 606 4529 var.
659 4481 734 4547 μς
796 4475 917 4528 huic
962 4472 1171 4528 demum
1208 4472 1262 4524 in
1299 4471 1441 4526 herb.
1478 4471 1720 4539 adjunxit
1755 4473 2010 4528 Acharius
2045 4475 2264 4529 formam
2301 4475 2590 4531 Lecanoroe

264 4564 558 4631 subfuscae,
612 4564 721 4618 fere
779 4578 886 4615 var.
941 4562 1277 4627 coiloeaaepae,
1333 4560 1628 4629 apotheciis
1673 4562 2064 4628 minutissimis,
2111 4540 2430 4618 humectatis
2465 4563 2586 4619 laete
