3177 5011
1754 328 1838 396 54

619 480 965 550 Kallandso
1011 484 1164 551 cet.:
1210 484 1583 569 Blomberg,
1629 483 1931 573 Graewe),
1977 484 2342 553 Dalslaudia
2386 484 2602 552 orient.
2641 482 2760 570 (pl.
2784 482 2941 549 loc.:

619 585 682 650 J.
730 586 1062 672 Hulting),
1130 590 1401 655 Bahusia
1443 588 1850 673 (Svinesundz
1918 591 2004 655 M.
2051 590 2415 675 Floderus),
2478 589 2728 654 Nericia
2771 586 2942 671 (par.

621 690 805 756 Kihl:
874 691 1230 778 Hellbom),
1291 691 1838 757 Sudermanlandia
1882 692 2282 778 (Strengnfisz
2350 691 2751 776 Blomberg),
2808 689 2942 774 Up-

618 792 826 861 landia
871 796 1294 881 (Stockholmz
1342 795 1718 870 Thedeniusz
1786 795 2082 882 Upsala);
2158 798 2222 862 in
2268 797 2591 881 Norveyia
2634 797 2712 863 ad
2756 794 2943 861 Chri-

620 899 912 965 stianiam
976 900 1217 986 (Moe),
1278 899 1655 982 Kongsberg
1699 901 1762 964 et
1805 900 1964 964 Voss
2010 900 2145 985 (hb.
2172 899 2449 984 Smrft.),
2515 900 2782 966 Namsos
2826 898 2940 984 (A.

618 1003 680 1068 J.
727 1001 1130 1087 Malmgren).
1176 1001 1393 1086 Neque
1437 1001 1500 1067 in
1531 1000 1761 1068 Dania
1799 1021 1911 1068 nec
1955 1004 2019 1068 in
2051 1003 2303 1070 Femu‘a
2345 1004 2643 1070 hactenus
2685 1003 2942 1069 Lectum.

622 1104 875 1190 Semper
915 1105 1147 1171 sterile.

758 1225 958 1280 Habitu
992 1242 1027 1280 a
1075 1224 1293 1294 reliquis
1345 1222 1701 1280 Stereocaulis
1751 1226 2003 1297 europaeis
2055 1225 2337 1281 admodum
2390 1226 2591 1282 recedit
2604 1265 2617 1289 ‚
2671 1241 2832 1296 quare
2884 1224 2952 1279 in

618 1310 820 1368 Comm.
859 1312 996 1368 Stet.
1034 1330 1084 1384 p.
1124 1311 1191 1365 36
1228 1311 1297 1366 ad
1331 1313 1599 1383 propriam
1636 1313 1950 1380 sectionem,
1986 1312 2461 1382 C'laondrocauzon,
2485 1313 2619 1369 illud
2643 1313 2948 1368 retulimus.

623 1429 681 1438 —
709 1398 933 1454 Podetia
969 1400 1090 1454 circ.
1136 1400 1202 1469 Ἰ,
1239 1415 1340 1454 cm.
1379 1399 1514 1463 alta,
1562 1397 1846 1454 admodum
1881 1401 2125 1471 gracilia,
2163 1402 2320 1472 vulgo
2356 1401 2626 1473 caespitose
2662 1406 2945 1471 congesta,

617 1484 795 1539 albida
829 1486 911 1541 vel
948 1489 1097 1557 parte
1134 1486 1354 1542 dimidia
1389 1486 1556 1541 infera
1591 1486 1756 1540 livida
1801 1504 1851 1540 v.
1891 1489 2447 1558 corneo-nigricantia,
2488 1487 2719 1542 obsolete
2757 1488 2948 1541 arach·

617 1572 806 1627 noidea
840 1573 925 1627 vel
960 1573 1118 1644 vulgo
1154 1573 1364 1643 glabra3
1420 1574 1774 1645 phyllocladia
1817 1591 1934 1628 raro
1970 1574 2179 1645 integra
2214 1575 2409 1646 pallide
2445 1576 2825 1631 cinerascentia
2861 1577 2944 1644 (α.

619 1660 881 1713 mundum
916 1660 1004 1714 Fr.
1043 1660 1090 1714 S.
1129 1661 1193 1715 V.
1232 1661 1418 1716 Scand.
1457 1678 1508 1731 p.
1551 1662 1680 1725 109,
1719 1661 1815 1715 Th.
1853 1661 1941 1715 Fr.
1966 1661 2107 1715 Mon.
2135 1662 2269 1717 Ster.
2306 1681 2358 1734 p.
2387 1662 2480 1724 64,
2520 1661 2721 1717 Comm.
2749 1681 2800 1733 p.
2831 1664 2945 1732 37),

618 1747 775 1817 vulgo
828 1747 1474 1818 leproso-deliquescentia
1525 1748 1821 1820 aeruginosa
1875 1750 1953 1821 (β.
1985 1749 2423 1819 pulverulentum
2477 1749 2572 1803 Th.
2610 1749 2699 1803 Fr.
2739 1747 2950 1805 Comm.

617 1833 750 1890 Ster.
787 1852 841 1907 p.
882 1837 967 1900 37,
1006 1836 1147 1893 Mon.
1184 1834 1318 1892 Ster.
1356 1854 1409 1907 p.
1448 1835 1556 1908 64).

1107 2049 1168 2111 6.
1256 2051 1732 2113 PILOPHORUS
1778 2052 2136 2122 (Tuckerm.)
2201 2049 2309 2109 Th.
2357 2049 2453 2109 Fr.

792 2202 1052 2269 Podetia
1115 2204 1386 2289 primum
1451 2204 2036 2288 araneoso-farem,
2083 2198 2332 2266 demum
2377 2200 2564 2285 vulgo
2594 2202 2951 2285 fistulosa,-

618 2305 884 2372 stratum
930 2307 1272 2373 medullare
1319 2328 1351 2373 e
1396 2307 1729 2373 filamentis
1775 2304 2209 2391 subparallelis
2253 2306 2637 2380 contextum,
2690 2306 2948 2390 phyllo-

617 2408 835 2475 cladiis
881 2410 1150 2477 obsitum
1196 2412 1537 2495 adpressis,
1593 2410 2075 2485 suberustaceiS,
2130 2408 2398 2492 gonidiis
2463 2408 2742 2483 refertis;
2790 2428 2949 2492 apo-

616 2512 821 2578 thecia
863 2520 1044 2591 atra,
1092 2516 1499 2600 subglobosa,
1547 2516 1715 2581 intus
1761 2513 1998 2592 solida,
2042 2532 2306 2589 comem
2347 2530 2544 2596 sporae
2588 2511 2947 2594 simpliceS,

617 2615 992 2681 incoloratae.

756 2733 895 2803 Syn.
970 2733 1347 2791 Stereocaulon
1395 2742 1461 2790 B.
1503 2733 1832 2804 Pilophoron
1878 2732 2151 2788 Tuckerm.
2192 2732 2311 2803 Syn.
2350 2733 2498 2788 Lich.
2537 2732 2722 2802 (1848)
2757 2749 2810 2802 p.
2851 2732 2943 2787 46.

621 2851 681 2860 —-
722 2820 1049 2889 Pilophorus
1084 2821 1182 2876 Th.
1222 2822 1310 2876 Fr.
1347 2819 1547 2876 Comm.
1587 2822 1723 2877 Ster.
1763 2823 1947 2892 (1857)
1983 2838 2035 2892 p.
2073 2821 2170 2885 40,
2219 2821 2358 2874 Mon.
2396 2820 2531 2875 Stet.
2572 2839 2623 2892 p.
2663 2821 2756 2883 68,
2807 2818 2942 2874 Gen.

616 2907 854 2963 Heterol.
892 2927 946 2978 p.
984 2911 1078 2973 77,
1116 2909 1239 2979 Nyl.
1276 2909 1399 2979 Syn.
1436 2927 1487 2980 p.
1527 2910 1613 2963 65.

751 2993 927 3048 Genus
979 2996 1120 3051 inter
1170 2997 1545 3052 Steroocauzon
1600 2999 1656 3052 et
1710 2995 2027 3051 Gladcmiam
2083 2994 2295 3048 omnino
2349 2992 2609 3058 medium,
2648 2994 2835 3048 habitu
2874 2993 2944 3048 ad

613 3079 769 3144 illud,
808 3083 951 3137 notis
988 3083 1233 3154 plurimis
1270 3085 1337 3140 ad
1376 3086 1508 3139 hanc
1544 3084 1778 3155 proxime
1814 3081 2081 3137 accedens.

750 3170 986 3242 Descript.
1023 3172 1247 3227 Podetia
1283 3174 1546 3245 simplicia
1584 3171 1668 3225 vel
1703 3170 1850 3242 apice
1887 3184 2040 3240 parce
2076 3182 2305 3229 ramosa,
2336 3164 2647 3234 cylindrica,
2674 3168 2789 3222 basi
2816 3165 2942 3220 sub·

614 3257 782 3310 strato
818 3261 962 3313 arcte
998 3258 1208 3313 adnata.
1247 3259 1309 3313 Iu
1346 3262 1512 3313 strato
1547 3257 1824 3313 medullari
1859 3258 1968 3310 tres
2004 3254 2328 3325 distinguere
2364 3253 2492 3309 licet
2525 3258 2726 3326 partes:
2765 3255 2820 3323 a)
2855 3254 2941 3307 in-

614 3345 796 3398 timam
830 3345 1229 3401 arachnoideam
1246 3388 1258 3412 ,
1298 3365 1326 3403 e
1345 3346 1631 3402 filamentis
1649 3346 1763 3400 laxe
1783 3342 2160 3399 cohaerentibus
2180 3341 2460 3395 formatam
2485 3344 2542 3395 et
2565 3342 2774 3395 demum
2801 3357 2939 3411 saepe

613 3429 721 3484 fere
758 3430 1140 3501 disparentem;
1179 3434 1235 3506 b)
1272 3436 1495 3489 mediam
1529 3431 1958 3494 chondroideam‚
1987 3446 2142 3500 quam
2181 3429 2568 3484 Cladoniarum
2603 3428 2937 3492 crassiorem,

613 3534 640 3571 e
678 3517 962 3573 filamentis
998 3524 1140 3576 arcte
1178 3521 1552 3592 conglutinatis
1588 3517 1953 3592 subparallelis
1990 3518 2356 3586 compositam;
2420 3517 2470 3584 c)
2499 3515 2938 3583 pmphaericam,

610 3607 673 3658 ut
706 3607 974 3674 intimam,
1025 3609 1439 3665 arachnoideam.
1514 3609 1652 3663 Huic
1705 3606 1918 3662 affixum
1970 3607 2053 3659 est
2105 3606 2330 3657 stratum
2374 3600 2907 3671 gouidiali·corticale
2923 3642 2936 3666 ‚

612 3695 784 3747 totum
839 3694 949 3751 fere
1005 3697 1274 3768 podetium
1330 3702 1541 3768 tegens,
1588 3697 1645 3749 in
1688 3693 1910 3764 granula
1944 3706 2287 3759 verrucaeque
2325 3688 2435 3758 (vel
2468 3689 2762 3759 pulverem)
2795 3687 2940 3742 lace-

611 3785 803 3837 ratum.
866 3783 989 3849 Quae
1025 3785 1248 3856 granula
1282 3785 1347 3840 ob
1384 3783 1684 3853 analogiam
1719 3797 1838 3836 cum
1873 3778 2228 3834 Stereooaulis
2261 3774 2617 3846 phyllocladia
2652 3779 2778 3829 sunt
2814 3791 2938 3831 cen-

609 3868 793 3933 senda,
831 3870 1089 3942 prascipue
1126 3889 1287 3943 quum
1324 3872 1484 3928 etiam
1522 3869 1590 3923 ad
1625 3868 1775 3922 basin
1816 3866 2148 3938 podetiorum
2171 3863 2437 3918 interdum
2474 3862 2680 3931 adsint,
2705 3865 2938 3918 crustam

609 3955 988 4024 quodammodo
1024 3959 1324 4016 formantia.
1367 3990 1426 3999 —
1470 3954 1849 4027 ''Cephalodia”
1888 3952 2224 4023 subglobosa‚
2265 3951 2436 4020 magis
2472 3950 2709 4004 minusve
2747 3966 2940 4020 rugosa

609 4042 1042 4116 tuberculosaque
1057 4089 1071 4116 ,
1108 4052 1342 4103 testacea
1373 4064 1422 4100 v.
1444 4041 2112 4115 ferrugineo-rufescentia,
2134 4038 2200 4092 ad
2220 4037 2370 4090 basin
2387 4036 2717 4106 podetiorum
2741 4054 2937 4108 magna

605 4135 925 4202 aggregata,
978 4133 1045 4189 ad
1099 4134 1269 4188 latera
1321 4134 1542 4188 minora.
1619 4130 1769 4185 Intus
1822 4147 1850 4185 e
1905 4127 2132 4201 globulis
2177 4143 2225 4179 v.
2265 4123 2571 4195 glomerulis
2625 4124 2933 4180 cellularum

605 4218 888 4289 majorum,
923 4223 1139 4291 gonidia
1174 4223 1381 4277 minuta
1416 4217 1967 4287 monifflormi-juncta
2004 4211 2577 4268 caerulescenti-viridia
2615 4212 2931 4277 foventium,

602 4309 877 4376 constant,
925 4307 1194 4368 fasciculis
1232 4309 1621 4362 filamentorum
1657 4305 2023 4359 intricatorum
2061 4304 2116 4355 et
2152 4304 2296 4354 arcte
2335 4297 2730 4368 conjunctorum
2765 4300 2930 4354 iuter-

599 4393 803 4462 positis,

736 4482 1034 4550 Apothecia
1097 4479 1336 4552 apicibus
1392 4495 1655 4534 ramorum
1701 4476 1871 4531 adfixa
1888 4518 1902 4543 ,
1936 4475 2094 4544 vulgo
2130 4473 2369 4528 solitaria
2403 4488 2453 4525 ν.
2493 4473 2654 4526 ramis
2689 4471 2933 4527 brevibus

527 4563 534 4568 ’
594 4568 651 4620 et
696 4565 946 4624 confertis
998 4571 1331 4653 aggregata,
1384 4566 1786 4652 immarginata,
1832 4564 2098 4636 aton-ima.
2142 4592 2202 4607 -
2242 4558 2634 4630 Hypothecium
2671 4576 2926 4629 crassum,
