3177 5011
1342 292 1465 360 21⁷

236 444 379 516 cess)
395 485 409 510 ,
464 443 739 503 meridiem
791 461 971 505 versus
1022 447 1108 519 (ut
1159 444 1389 519 videtur)
1441 445 1626 504 rarior.
1697 443 1898 503 Habitu
1949 446 2081 503 satis
2120 444 2320 505 recedit
2337 487 2350 511 ‚
2388 442 2559 502 thallo

237 533 440 589 minute
478 552 781 605 squamoso,
819 535 1093 607 adpressO,
1122 535 1434 605 ferruyineo
1450 575 1466 603 ,
1498 534 1791 607 apotheciis
1825 535 2275 607 punctii'ormibus.
2323 535 2397 592 At
2434 537 2561 591 nota

237 622 577 690 gravissima,
616 623 757 678 color
790 623 1117 696 ferrugineus
1133 664 1145 685 ,
1185 639 1286 677 nou
1320 621 1386 676 ad
1422 622 1591 686 ipsam
1627 622 1862 694 plantam
1899 623 2155 694 pertinet,
2202 623 2294 680 sed
2330 640 2357 678 e
2392 625 2561 677 strato

240 706 480 776 hydratis
515 709 692 764 ferrici
728 709 920 782 plantae
955 709 1214 782 superfusi
1249 708 1468 781 pendet;
1508 709 1818 765 varietatem
1857 711 1940 764 vel
1965 712 2191 783 speciem
2220 710 2560 780 distinguere,

238 798 367 848 uota
419 795 486 849 ad
538 796 774 867 plantam
828 813 929 852 non
982 798 1277 868 pertinente
1332 796 1546 859 fultam,
1598 798 1769 851 minus
1808 801 1979 854 ratum
2017 799 2239 854 videtur.
2312 798 2444 852 Rem
2481 797 2562 851 ita

241 898 354 937 sese
388 882 582 939 habere
616 901 736 949 neo,
773 889 836 939 ut
870 882 951 940 Cl.
991 884 1154 939 Uloth
1190 884 1370 955 (Flora
1408 884 1541 939 1861
1578 902 1628 956 Ρ.
1666 886 1794 956 570)
1829 885 1894 940 de
1933 885 2222 941 lichenibus
2266 882 2559 955 ”oxydatis”

239 969 489 1034 affirmat,
527 988 742 1042 corpora
793 973 1039 1044 organica
1082 973 1338 1041 (orcinum
1385 975 1443 1027 et
1476 973 1623 1028 varia
1655 972 1831 1035 acida)
1867 972 2070 1029 cellulis
2105 973 2266 1029 strati
2301 971 2565 1027 corticalis

242 1057 469 1123 inclusa,
508 1059 635 1113 ΝΗ*
669 1059 834 1122 affici,
888 1058 1087 1114 destrui
1132 1062 1187 1114 et
1231 1060 1505 1115 materiem
1570 1059 2038 1118 rubro-coloratam
2096 1058 2217 1114 inde
2275 1057 2565 1130 procreari,

242 1145 475 1199 studium
511 1147 966 1202 microchemicum
1003 1147 1113 1200 sine
1151 1145 1465 1203 difficultate
1502 1147 1705 1219 probat.
1755 1146 1976 1202 Lamina
1998 1147 2173 1202 tenuis
2192 1145 2345 1200 thalli
2373 1145 2564 1216 (utrin-

243 1248 342 1301 que
396 1233 659 1304 corticati)
712 1234 756 1288 si
809 1233 1147 1304 microscopio
1193 1234 1543 1299 examinatur,
1599 1237 1806 1288 tantum
1861 1233 2131 1306 superficie
2165 1237 2384 1304 apparet
2426 1233 2565 1288 colo·

241 1323 382 1386 rata3
419 1321 476 1375 in
509 1321 659 1377 acido
694 1320 1058 1392 hydroclorato
1095 1320 1140 1376 si
1176 1322 1418 1391 coquitur
1452 1324 1508 1377 et
1541 1323 1818 1391 cyanetum
1850 1320 2304 1377 ferroso-kalicum
2331 1321 2428 1392 (K²
2445 1320 2566 1393 ny)

240 1406 479 1473 additur,
518 1409 659 1463 color
693 1410 784 1465 ille
821 1408 1151 1480 rubiginosus
1186 1409 1241 1463 in
1276 1407 1491 1480 pulchre
1527 1409 1805 1465 caeruleum
1842 1426 1959 1465 mox
1996 1413 2245 1465 mutatur.

384 1531 497 1586 obs.
534 1532 583 1587 2.
656 1531 971 1602 Syuonymia
1006 1531 1291 1586 multarum
1326 1531 1798 1600 Acaroeporarum
1833 1537 1890 1588 et
1922 1533 2211 1588 Lecanorae
2233 1528 2405 1584 badia!
2428 1527 2567 1599 apud

241 1616 525 1671 Acharinm
563 1618 713 1674 valde
750 1622 833 1675 est
864 1620 1129 1675 intricata.
1199 1617 1283 1672 Ad
1318 1636 1405 1684 ea,
1443 1635 1557 1689 quoe
1594 1638 1751 1692 supra
1785 1620 2089 1682 attulimus,
2141 1618 2252 1672 haec
2285 1615 2565 1672 addamus:

241 1702 522 1759 Lecanora
572 1708 784 1762 oervma
838 1706 959 1776 Syn.
1012 1708 1137 1774 (seo.
1194 1705 1338 1761 herb.
1390 1706 1546 1777 th.)
1593 1710 1829 1763 continet
1865 1710 1960 1763 Ac.
1988 1708 2264 1776 matam
2303 1725 2378 1765 α..
2416 1708 2472 1773 β.
2512 1705 2569 1756 et

243 1789 272 1820 '
291 1790 590 1861 discretam,
625 1793 1041 1861 squamulosam,
1070 1792 1486 1862 §lammae-pam
1521 1795 1720 1865 (apoth.
1757 1794 1951 1864 nudis),
1988 1777 2320 1848 Lemhoram
2353 1791 2570 1846 badim

243 1879 300 1929 et
353 1878 657 1933 ato-ubedam.
716 1911 778 1921 —
834 1880 1114 1936 Leeanora
1166 1880 1332 1934 badia
1383 1900 1437 1933 α.
1494 1879 1646 1935 Univ.
1700 1885 1784 1936 est
1835 1882 1931 1936 Ac.
1977 1881 2203 1948 fuscata
2259 1900 2313 1933 α.
2372 1881 2428 1933 et
2480 1883 2567 1949 β.,

240 1966 588 2033 squammosa
622 1969 680 2021 et
704 1968 1071 2037 qlaueocarpa
1104 1968 1209 2038 (ap.
1245 1966 1451 2032 audis„
1488 1989 1539 2039 y.
1570 1970 1797 2037 fuscata
1835 1968 1988 2022 Univ.
2026 1969 2110 2021 est
2142 1967 2239 2021 Ae.
2258 1968 2484 2035 senecam
2508 1972 2566 2038 β.

243 2054 300 2106 et
350 2052 473 2107 Leo.
524 2054 701 2109 badia.
744 2085 802 2094 -
844 2055 1118 2109 Par-melia
1160 2055 1508 2124 squammosa
1553 2055 1684 2109 Ach-
1721 2055 1885 2110 Meth.
1924 2055 2028 2109 181
2066 2055 2149 2108 est
2185 2053 2280 2107 Ac.
2313 2069 2570 2122 squamu-

246 2139 363 2193 losa
406 2143 463 2193 et
508 2140 624 2194 Lec.
670 2141 831 2195 badia
842 2161 859 2209 ‚-
903 2142 1101 2195 Lichen
1141 2141 1518 2211 squammosus
1550 2141 1732 2196 Prodr.
1770 2160 1818 2212 p.
1857 2140 2164 2195 230=Ac.
2200 2141 2562 2209 squammosa.

244 2255 311 2266 —
345 2227 572 2283 Lea-'dea
606 2230 793 2283 mensa
828 2230 956 2285 Ach.
992 2229 1115 2300 Syn.
1153 2245 1203 2299 p.
1242 2228 1311 2282 33
1346 2231 1428 2283 est
1460 2233 1518 2300 β.
1556 2229 1874 2298 nosescentnls
1908 2227 2172 2304 specimen
2197 2226 2569 2283 miserrimum.

861 2493 983 2556 ·A.
1032 2492 1402 2556 mscRmA
1447 2491 1657 2578 (Aah.)
1704 2496 1806 2557 Th.
1858 2495 1950 2557 Fr.

419 2681 676 2747 Thallus
700 2680 993 2758 minutus,
1026 2701 1385 2746 verrucoso-
1358 2681 1738 2760 -areolatuS,
1772 2682 1997 2748 areolis
2027 2681 2319 2765 turyidiS,
2345 2682 2572 2747 disere-

245 2783 328 2848 tis
374 2784 503 2868 (vel
550 2784 920 2869 contiguis),
967 2783 1423 2866 subrugulosis,
1470 2785 1729 2850 obscure
1754 2786 1975 2868 fuscis
2003 2786 2101 2850 vel
2129 2784 2342 2850 badio·
2318 2785 2571 2868 -fuscvs2

247 2889 497 2967 opaci&
541 2886 861 2972 apothecis
902 2888 967 2951 in
1010 2887 1281 2952 verrucis
1328 2886 1514 2970 vulgo
1560 2886 1869 2968 solitaria,
1917 2890 2182 2966 minuta,
2241 2888 2571 2974 impressa,

247 2989 415 3054 disco
460 2991 805 3068 emolere,
857 2990 1122 3054 subloevi
1165 2991 1407 3075 (centro
1451 2989 1616 3055 haud
1661 3010 1800 3057 raro
1846 2988 2244 3075 convexulo),
2292 2990 2572 3074 margine

247 3092 520 3158 thallode
565 3094 805 3159 obtuso.

386 3212 526 3281 Syn.
599 3211 876 3267 Par-melia
911 3212 1256 3282 squammosa
1287 3230 1337 3282 γ.
1378 3210 1609 3265 decreta
1644 3209 1776 3265 th.
1815 3210 1980 3266 Meth.
2020 3211 2197 3284 Suppl.
2222 3211 2411 3279 (1803)
2430 3229 2481 3283 p.
2503 3210 2570 3266 41

248 3301 371 3370 (seo.
410 3299 558 3354 herb.
597 3299 764 3364 Ach.).

388 3387 667 3441 Lecanora
702 3387 867 3441 badia
900 3393 956 3459 β.
998 3387 1223 3441 discreta
1260 3383 1389 3439 A'ch.
1428 3383 1584 3438 Univ.
1622 3401 1675 3455 p.
1714 3385 1838 3439 407.

386 3474 586 3528 Lichen
620 3475 863 3529 cervinus
898 3472 1087 3543 Wnbg.
1125 3472 1287 3544 Lapp.
1326 3491 1376 3544 p.
1414 3472 1517 3525 421
1556 3474 1614 3524 et
1649 3472 1796 3528 Suec.
1833 3489 1886 3543 p.
1925 3471 2029 3526 849
2066 3473 2173 3541 (α.)
2209 3489 2262 3544 p.
2301 3489 2353 3542 p.

387 3561 668 3616 Lecanora
703 3562 913 3615 cen-ina
949 3579 999 3630 y.
1040 3559 1269 3615 desc-reta
1304 3559 1484 3614 Smrft.
1523 3559 1704 3631 Suppl.
1743 3575 1795 3629 p.
1834 3559 1953 3612 106.
1989 3587 2054 3598 -
2090 3558 2366 3613 Parmelia
2399 3555 2486 3613 Fr.
2523 3556 2573 3613 S.

388 3735 662 3789 Parmelia
697 3733 861 3787 badia
897 3733 943 3787 b.
972 3734 1131 3802 picea
1165 3732 1254 3788 Fr.
1293 3733 1353 3788 L.
1390 3733 1452 3787 E.
1491 3750 1544 3805 p.
1580 3730 1706 3785 148.

384 3822 732 3889 Acar-aspera
766 3820 1118 3889 smaragdum
1155 3826 1210 3892 β.
1243 3821 1524 3890 soveolata
1559 3816 1719 3872 Korb.
1758 3816 1855 3887 Pg.
1893 3835 1945 3888 Ρ.
1983 3816 2089 3871 60?

388 3909 667 3962 Lecanora
703 3908 940 3961 admissa
977 3906 1098 3977 Nyl.
1138 3906 1294 3961 Flora
1332 3907 1468 3959 1867
1503 3924 1553 3977 Ρ.
1595 3906 1715 3959 370.

420 4014 516 4079 Ad
561 4033 706 4079 saxa
747 4031 1051 4096 rupesque
1096 4012 1516 4078 verisimiliter
1560 4009 1725 4077 haud
1770 4028 1928 4074 rara.
2019 4010 2334 4075 Hactenus
2368 4011 2571 4075 tamen

246 4118 538 4183 adnotata
606 4117 806 4182 solum
873 4117 938 4180 in
1008 4115 1268 4181 Suecia:
1337 4114 1579 4198 Femsjo
1650 4111 2018 4178 Smolandiae
2088 4113 2192 4198 (Ε.
2262 4113 2431 4197 Fr.,)
2502 4102 2574 4179 Ο.

246 4221 465 4305 Husby
533 4220 944 4304 Ostrogothiae
1012 4216 1543 4305 (Stenhammar),
1612 4213 1970 4279 Gothlunda
2011 4215 2279 4281 Nericiae
2326 4217 2572 4302 (Blom-

247 4324 469 4409 berg),
525 4325 705 4390 Tible
764 4322 1116 4406 Uplandiae,
1164 4317 1769 4399 Funnesdalsberget
1810 4317 2180 4402 Herjedaliae
2224 4326 2286 4384 et
2330 4320 2577 4385 Handol

246 4427 644 4494 Jemtlandiae
701 4425 795 4511 (S.
860 4423 1241 4509 Almqvist);
1313 4422 1375 4486 in
1446 4421 1807 4502 Norveyia:
1884 4420 2260 4487 Christiania
2314 4423 2400 4506 pl.
2457 4421 2576 4488 loo.

249 4532 363 4617 (N.
423 4529 498 4596 G.
551 4530 756 4615 Moe),
825 4530 1032 4613 vaage
1079 4524 1631 4594 Gudbrandsdaliae
1698 4523 1926 4609 (ipse),
1996 4524 2208 4598 Salten
2265 4524 2577 4620 (Smrft.),
