3177 5011
1791 308 1917 380 468

839 453 886 508 A
933 452 1000 507 L.
1055 453 1362 524 Oadubnke,
1422 461 1506 515 cui
1559 464 1645 517 sat
1690 464 1879 522 similis
1920 472 1977 523 et
2021 487 2241 540 quacum
2286 476 2547 533 interdum
2592 484 2757 539 mixta
2793 491 3013 551 crescit.

696 540 874 595 differt
909 544 1086 595 crusta
1118 542 1354 598 tenuiore
1369 585 1386 613 ,
1422 548 1814 616 apotheciorum
1850 556 2019 611 colore
2033 598 2046 620 ‚
2082 562 2460 632 paraphysibus
2495 566 2660 623 laxius
2696 570 3007 629 cohaerenti-

695 627 818 696 bus,
864 627 1031 698 sporis
1075 627 1382 697 majoribuS,
1428 636 1727 703 spermatiis
1773 640 2059 698 minoribus
2110 646 2346 717 aliusque
2392 649 2585 707 formai.
2632 688 2697 697 -
2734 658 3000 731 Leptogo-

694 713 839 769 nidia
883 714 1121 769 immixta
1173 716 1312 770 haud
1365 734 1497 774 rara.
1581 722 1873 795 Reagentia
1916 730 2075 785 solita
2120 733 2405 805 insigniore
2442 740 2595 796 modo
2632 750 2858 800 crustam
2897 765 3001 803 non

693 801 926 872 tingunt.
998 801 1189 857 Rarius
1245 808 1420 859 crusta
1472 811 1554 862 est
1608 813 1777 880 magis
1830 812 2108 888 distincta,
2161 822 2546 891 pulverulenta,
2596 831 3000 904 subsulphurea:

694 905 801 942 var.
848 889 1076 959 stavella
1129 891 1383 957 (Biatora
1426 895 1657 964 stavella
1688 897 1891 954 Blomb.
1945 903 2000 956 in
2043 905 2215 962 Hellb.
2262 909 2387 966 Ner.
2434 913 2650 987 Lafveg.
2696 937 2745 989 p.
2785 922 2879 984 25,
2927 923 2999 976 B.

688 977 1036 1048 phaeostaeyma
1088 980 1133 1033 b.
1181 979 1410 1048 stavella
1455 981 1590 1037 Falk
1640 985 1790 1042 Blek.
1843 1007 1893 1059 p.
1941 991 2057 1058 15);
2114 995 2282 1063 qualis
2328 999 2440 1053 visa
2483 1004 2566 1056 est
2598 986 2757 1076 prope
2793 1006 3005 1078 Arboga

693 1064 776 1137 (O.
817 1066 879 1121 G.
915 1066 1249 1138 Blomberg),
1301 1068 1357 1123 in
1393 1068 1731 1127 Rokneoarne
1768 1073 1911 1129 lacus
1945 1076 2188 1135 Wettem
2230 1082 2316 1153 (P.
2352 1086 2400 1140 J.
2438 1085 2736 1158 Hellbom),
2783 1092 2848 1147 ad
2885 1081 2997 1164 ὀὶ]-

691 1153 812 1207 halt
862 1153 1151 1225 Blekingiae
1206 1154 1293 1224 (H.
1348 1155 1522 1223 Falk).
1599 1160 1890 1229 Apothecia
1941 1165 2025 1218 vix
2079 1185 2324 1240 umquam
2378 1172 2518 1228 ultra
2559 1177 2642 1239 0,5
2690 1196 2813 1233 mm.
2852 1181 2994 1247 lata,

690 1241 844 1297 nuda.
915 1242 1221 1313 Excipulum
1270 1244 1503 1314 margine
1558 1247 1819 1315 epithecio
1874 1252 2127 1308 concolor.
2204 1257 2583 1329 Hypothecium
2639 1265 2998 1322 incoloratum.

691 1331 1018 1402 Paraphyses
1071 1332 1218 1401 apice
1273 1348 1407 1401 saepe
1461 1332 1771 1387 articulatae.
1843 1336 1965 1392 Asci
2012 1339 2204 1396 clavati
2248 1360 2295 1397 v.
2343 1345 2745 1404 inflato-clavati
2788 1369 2835 1404 v.
2872 1354 2996 1407 snb-

690 1417 1014 1487 pyriformes.
1088 1417 1260 1487 Sporae
1305 1418 1540 1489 oblongae
1588 1438 1634 1474 v.
1673 1420 2266 1499 ellipsoideo·oblongoe‚
2316 1432 2607 1489 immaturae
2641 1438 2876 1507 ascisque
2914 1439 2995 1496 in-

692 1502 845 1558 clusae
882 1504 1493 1575 cylindraceo-oblongae,
1534 1508 1778 1577 utrinque
1814 1509 2043 1577 obtusae,
2081 1516 2374 1575 0‚008—l2
2410 1537 2533 1575 mm.
2571 1520 2737 1593 longae
2761 1528 2817 1579 et
2839 1527 2995 1588 0‚003

692 1600 791 1643 —5
829 1607 951 1675 mm.
990 1607 1188 1646 crassae.
1259 1591 1394 1648 Jodo
1432 1594 1742 1659 evalescit,
1782 1595 1901 1651 dein
1937 1599 2288 1657 subviolaceo-
2326 1622 2371 1658 v.
2408 1608 2995 1666 rubescenti-decolora-

690 1684 790 1733 tur.
857 1680 907 1733 K
949 1680 1118 1734 colore
1164 1680 1250 1733 vix
1293 1683 1551 1745 mutatum
1601 1680 1721 1754 NO⁶
1773 1682 1982 1740 demum
2027 1688 2081 1740 in
2126 1690 2357 1748 obsolete
2401 1696 2829 1752 roseolo-fuscum
2878 1716 2994 1754 ver·

688 1772 822 1838 gunt
874 1770 1051 1837 partes
1095 1767 1336 1821 obscurae.
1412 1770 1784 1839 Spermogonia
1819 1774 2220 1846 semiimmersa‚
2265 1781 2452 1837 ostiolo
2488 1783 2779 1853 nigricante
2817 1803 2866 1841 v.
2901 1786 2994 1840 ob-

688 1871 835 1910 scure
879 1854 1218 1909 fuscescente.
1291 1854 1586 1924 Sper-matis
1638 1856 1965 1927 ellipsoidea,
2022 1860 2251 1919 breviter
2301 1869 2681 1940 subcylindrica
2726 1889 2771 1924 v.
2823 1873 2999 1928 medio

688 1942 876 1997 leviter
909 1942 1218 2006 constricta,
1256 1942 1515 2003 0,004-5
1555 1959 1678 1995 mm.
1716 1942 1873 2014 longa
1906 1951 1963 2000 et
1996 1948 2330 2010 0,0025—30
2368 1971 2489 2009 mm.
2530 1974 2715 2013 crassa.

827 2047 941 2101 Obs.
984 2046 1028 2100 l.
1099 2045 1162 2098 In
1197 2044 1316 2115 Nyl.
1355 2043 1517 2115 Lapp.
1556 2053 1628 2099 ΟΥ.
1666 2064 1717 2116 p.
1756 2049 1961 2102 146-’7
2010 2052 2089 2106 hae
2132 2061 2491 2125 proponuntur
2525 2057 2728 2115 formaeg
2774 2068 2831 2129 a)
2869 2064 2997 2135 ”pa-

687 2132 997 2203 raphysibus
1034 2134 1204 2188 minus
1239 2131 1488 2187 distincte
1525 2131 1744 2187 clavatis
1781 2139 1835 2190 et
1869 2138 2105 2207 gelatina
2138 2140 2343 2210 hymen.
2377 2143 2502 2213 jodo
2539 2147 2743 2203 intense
2785 2152 2997 2205 caerule—

686 2223 862 2275 scente
899 2220 1041 2287 (dein
1077 2221 1351 2274 obscurata
1387 2218 1472 2272 vel
1508 2220 1676 2274 thecis
1712 2239 1805 2292 pro
1841 2228 1990 2293 parte
2026 2226 2235 2283 sordide
2271 2228 2764 2300 fulvescentibus)”;
2813 2235 2870 2306 b)
2906 2238 2995 2291 hg-

685 2308 871 2361 zer-ella
924 2306 1012 2372 (L.
1063 2306 1314 2391 (zeterella
1369 2305 1488 2375 Nyl.
1543 2305 1701 2361 Flora
1757 2309 1894 2364 1873
1949 2329 1997 2381 p.
2049 2313 2171 2380 299)
2223 2314 2629 2389 ”paraphysibus
2664 2322 2809 2392 apice
2847 2325 2997 2379 clava

684 2395 1208 2458 luteo-fuscescente3
1246 2392 1479 2463 gelatina
1512 2392 1652 2463 hym.
1685 2394 1810 2463 jodo
1847 2398 2240 2468 caerulescente‚
2280 2403 2399 2459 dein
2438 2422 2556 2460 mox
2591 2408 2760 2464 thecis
2790 2412 2995 2479 vegetis

687 2482 864 2537 vinose
910 2479 1216 2537 rubentibus
1262 2497 1312 2535 v.
1363 2481 1540 2535 vinose
1585 2480 2229 2555 rubro-fulvescentibus”;
2289 2496 2342 2558 c)
2395 2493 2603 2561 rusella
2656 2494 2771 2560 (cfr.
2829 2499 2992 2552 etiam

684 2567 847 2639 Lapp.
874 2584 944 2621 or.
972 2586 1023 2638 p.
1052 2568 1156 2621 184
1180 2571 1236 2624 et
1259 2568 1380 2623 Not.
1408 2567 1592 2623 Sansk.
1620 2587 1669 2639 p.
1695 2569 1754 2624 F.
1782 2575 1839 2626 et
1861 2572 1941 2626 Fl.
1967 2573 2027 2627 F.
2053 2575 2211 2632 Foth.
2251 2578 2382 2633 XIII
2418 2598 2468 2650 p.
2507 2582 2634 2647 335)
2674 2582 2993 2654 ’'apotheciis

685 2655 1066 2711 rufescentibus
1110 2660 1225 2721 (nec
1269 2655 1649 2725 fusconigris)”.
1721 2657 1938 2714 Minime
1984 2661 2153 2732 dignae
2202 2668 2354 2735 sunt,
2401 2683 2513 2737 qum
2551 2669 2763 2722 seorsim
2802 2686 2989 2740 propo-

683 2748 878 2800 rantur.
951 2744 1011 2798 In
1049 2760 1184 2815 spec.
1221 2743 1352 2813 orig.
1389 2742 1424 2796 f.
1461 2743 1719 2800 heterelloe
1753 2747 2101 2818 paraphysum
2137 2752 2312 2822 apices
2348 2771 2491 2824 aeque
2523 2754 2765 2813 obscuros
2787 2760 2986 2814 inveni·

683 2850 799 2888 mus
833 2850 893 2887 ac
929 2834 982 2887 in
1020 2831 1186 2887 forma
1220 2848 1265 2886 a.

822 2938 936 2993 obs.
963 2938 1014 2992 2.
1066 2936 1294 2991 Lccidca
1316 2937 1488 2992 nitida
1512 2935 1693 2991 Smrft.
1722 2940 1929 2994 omnino
1954 2944 2037 2995 est
2060 2940 2242 2996 eadem
2268 2959 2326 2997 ac
2352 2943 2416 2997 L.
2428 2946 2708 3013 pellucida
2731 2967 2779 3018 y.
2804 2947 2986 3002 obscu-

679 3027 820 3081 rclla
853 3025 1085 3096 eJusdem
1121 3025 1348 3079 auctoris
1384 3023 1692 3094 easdemque
1728 3026 1927 3096 species
1950 3027 2303 3099 amplectitur.
2331 3062 2397 3071 —
2422 3032 2592 3102 Hujus
2616 3036 2806 3106 speciei
2832 3053 2986 3105 syno-

680 3130 872 3185 nymon
908 3115 991 3168 est
1025 3112 1302 3168 Lecanora
1336 3111 1582 3166 umbrina
1616 3129 1727 3167 var.
1766 3112 2033 3168 biatorina
2060 3116 2178 3186 Nyl.
2205 3117 2326 3172 Not.
2357 3118 2541 3175 Siillsk.
2569 3140 2618 3192 p.
2644 3121 2703 3176 F.
2737 3127 2792 3178 et
2816 3122 2894 3176 Fl.
2921 3122 2983 3176 F.

680 3200 837 3255 Forh.
874 3200 949 3254 xl
983 3217 1032 3271 p.
1073 3197 1201 3265 183;
1241 3202 1323 3254 est
1358 3200 1525 3254 forma
1559 3199 1850 3270 apotheciis
1880 3195 2117 3255 nonnihil
2153 3204 2530 3273 pallidioribus.
2558 3240 2622 3249 —
2649 3209 2803 3264 Teste
2841 3210 2982 3279 ipso,

679 3287 906 3343 Lccidea
939 3286 1184 3357 aeylitella
1229 3285 1346 3364 NyL
1385 3285 1451 3340 ad
1487 3286 1643 3355 hujus
1678 3286 1898 3341 formam
1945 3287 1994 3341 b.
2043 3293 2126 3344 est
2169 3289 2420 3347 ducenda.
2491 3295 2608 3349 Non
2645 3312 2765 3350 vero
2802 3295 2983 3351 eadem

680 3379 763 3430 est
796 3376 861 3430 L.
899 3374 1180 3429 Gadubriae
1212 3389 1324 3426 var.
1363 3373 1612 3427 heterclla
1647 3373 1765 3443 Nyl.
1804 3373 1927 3429 Not.
1964 3374 2145 3429 Sallsk.
2185 3394 2234 3446 p.
2277 3378 2334 3431 F.
2373 3382 2428 3433 et
2463 3380 2541 3434 Fl.
2579 3381 2640 3435 F.
2668 3382 2823 3437 Foth.
2850 3383 2981 3437 XJII

678 3481 728 3534 p.
767 3463 894 3528 335,
948 3477 1061 3531 quae
1114 3475 1215 3513 sec.
1260 3460 1545 3529 specimina
1588 3459 1716 3530 orig.
1768 3460 1834 3514 ad
1869 3460 1935 3515 L.
1973 3461 2263 3521 Gadubriae.
2288 3467 2532 3536 pertinet.
2570 3500 2636 3513 -
2672 3469 2715 3523 E
2751 3469 2981 3541 descrip-

676 3553 820 3607 tione
874 3549 958 3602 vix
1012 3546 1218 3601 diversa
1270 3545 1478 3601 videtur
1528 3545 1595 3600 L.
1641 3547 2058 3616 phaeoetiqmella
2103 3548 2222 3618 Nyl.
2269 3550 2426 3606 Flora
2458 3553 2594 3608 1867
2631 3574 2680 3625 p.
2720 3557 2819 3610 177
2856 3574 2982 3612 vera

676 3650 834 3707 atque
867 3633 1137 3705 primaria,
1174 3633 1228 3687 in
1265 3631 1515 3687 Paldamo
1552 3632 1760 3688 Fenniae
1796 3651 1828 3688 a
1862 3634 1924 3688 cl.
1962 3634 2020 3689 F.
2059 3634 2202 3690 Silen
2237 3636 2405 3703 lecta3
2446 3639 2578 3695 hanc
2610 3658 2710 3696 non
2735 3643 2979 3699 vidimus.

675 3752 741 3763 -
775 3723 976 3776 Praeter
1027 3719 1237 3775 nomina
1283 3718 1395 3788 jam
1439 3719 1628 3782 allata,
1678 3721 1838 3774 etiam
1875 3720 1984 3774 haec
2019 3738 2052 3774 a
2085 3721 2206 3792 Nyl.
2245 3725 2472 3795 accepit:
2519 3726 2614 3781 ”L.
2654 3731 2978 3799 turqidula”‚

678 3809 773 3866 ”L.
811 3808 1129 3865 tenebricosa
1162 3822 1276 3861 var.
1312 3806 1701 3875 emthrophoeffl
1737 3822 1837 3862 sec.
1875 3808 2160 3877 specimina
2193 3809 2260 3865 ab
2295 3811 2387 3867 illo
2423 3812 2783 3870 determinata.

1018 4051 1120 4113 59.
1212 4051 1275 4109 L.
1333 4050 1719 4125 (BIATORA)
1775 4054 2173 4116 cADUBROE
2218 4059 2450 4133 (Mass.)
2494 4058 2629 4133 Nyl.

761 4221 982 4287 Crusta
1037 4219 1270 4297 tenuis,
1328 4219 1547 4300 effusa,
1602 4220 1990 4301 ρναηαῖοεα,
2042 4222 2258 4288 albida
2309 4223 2406 4288 vel
2449 4225 2973 4305 cinereo-albida,

674 4322 1030 4410 hypothallo
1093 4323 1272 4399 albo‚·
1339 4322 1659 4407 apothecia
1725 4324 1998 4401 adnata,
2067 4325 2262 4409 primo
2327 4324 2510 4408 plana
2577 4328 2640 4391 et
2691 4329 2973 4412 margine

671 4425 996 4512 pallidiore
1062 4424 1288 4498 cincta,
1357 4426 1495 4491 dein
1549 4444 1814 4492 convexa
1868 4428 1967 4495 vel
2022 4427 2322 4493 difformia
2365 4430 2641 4513 margine
2691 4431 2973 4510 excluso,

672 4528 841 4596 disco
883 4527 1255 4594 versicolore
1306 4529 1336 4613 (
1342 4528 1585 4611 pallide
1628 4528 1955 4597 obscureve
1997 4531 2175 4616 ναίω,
2200 4529 2396 4614 fusco
2440 4531 2538 4598 vel
2578 4532 2819 4597 demum
2861 4540 2969 4600 ni·
