<?xml version="1.0" encoding="UTF-8"?>
<!DOCTYPE html PUBLIC "-//W3C//DTD XHTML 1.0 Transitional//EN"
    "http://www.w3.org/TR/xhtml1/DTD/xhtml1-transitional.dtd">
<html xmlns="http://www.w3.org/1999/xhtml" xml:lang="en" lang="en">
 <head>
  <title>
</title>
<meta http-equiv="Content-Type" content="text/html;charset=utf-8" />
  <meta name='ocr-system' content='tesseract 3.04.00' />
  <meta name='ocr-capabilities' content='ocr_page ocr_carea ocr_par ocr_line ocrx_word'/>
</head>
<body>
  <div class='ocr_page' id='page_1' title='image "./lichenographias00friegoog_0276.png"; bbox 0 0 3177 5011; ppageno 0'>
   <div class='ocr_carea' id='block_1_1' title="bbox 1699 278 1824 345">
    <p class='ocr_par' dir='ltr' id='par_1_1' title="bbox 1699 278 1824 345">
     <span class='ocr_line' id='line_1_1' title="bbox 1699 278 1824 345; baseline 0 0"><span class='ocrx_word' id='word_1_1' title='bbox 1699 278 1824 345; x_wconf 82' lang='lat'>228</span> 
     </span>
    </p>
   </div>
   <div class='ocr_carea' id='block_1_2' title="bbox 595 433 2926 932">
    <p class='ocr_par' dir='ltr' id='par_1_2' title="bbox 595 433 2926 932">
     <span class='ocr_line' id='line_1_2' title="bbox 764 433 2921 522; baseline 0 -22"><span class='ocrx_word' id='word_1_2' title='bbox 764 433 990 501; x_wconf 86' lang='lat' dir='ltr'>Forma</span> <span class='ocrx_word' id='word_1_3' title='bbox 1025 455 1117 510; x_wconf 88' lang='grc' dir='ltr'>·α.,</span> <span class='ocrx_word' id='word_1_4' title='bbox 1166 433 1329 519; x_wconf 88' lang='lat' dir='ltr'>apud</span> <span class='ocrx_word' id='word_1_5' title='bbox 1372 453 1482 501; x_wconf 87' lang='lat' dir='ltr'>nos</span> <span class='ocrx_word' id='word_1_6' title='bbox 1525 435 1797 502; x_wconf 88' lang='lat' dir='ltr'>nondum</span> <span class='ocrx_word' id='word_1_7' title='bbox 1831 436 2096 514; x_wconf 81' lang='lat' dir='ltr'>inventa,</span> <span class='ocrx_word' id='word_1_8' title='bbox 2129 437 2192 504; x_wconf 91' lang='lat' dir='ltr'>in</span> <span class='ocrx_word' id='word_1_9' title='bbox 2227 436 2446 504; x_wconf 90' lang='lat' dir='ltr'>insulis</span> <span class='ocrx_word' id='word_1_10' title='bbox 2476 434 2921 522; x_wconf 86' lang='lat' dir='ltr'>Spitsbergen-</span> 
     </span>
     <span class='ocr_line' id='line_1_3' title="bbox 596 538 2923 626; baseline -0.001 -21"><span class='ocrx_word' id='word_1_11' title='bbox 596 539 765 605; x_wconf 83' lang='lat' dir='ltr'>sibus</span> <span class='ocrx_word' id='word_1_12' title='bbox 822 539 1053 623; x_wconf 86' lang='lat' dir='ltr'>passim</span> <span class='ocrx_word' id='word_1_13' title='bbox 1095 538 1384 604; x_wconf 75' lang='lat' dir='ltr'><strong>abundat.</strong></span> <span class='ocrx_word' id='word_1_14' title='bbox 1479 539 1626 605; x_wconf 83' lang='lat' dir='ltr'>Var.</span> <span class='ocrx_word' id='word_1_15' title='bbox 1675 543 1737 624; x_wconf 86' lang='grc' dir='ltr'>β.</span> <span class='ocrx_word' id='word_1_16' title='bbox 1784 541 1849 605; x_wconf 91' lang='lat' dir='ltr'>in</span> <span class='ocrx_word' id='word_1_17' title='bbox 1913 542 2226 608; x_wconf 79' lang='lat' dir='ltr'>vicinitate</span> <span class='ocrx_word' id='word_1_18' title='bbox 2272 542 2458 607; x_wconf 83' lang='lat' dir='ltr'>maris</span> <span class='ocrx_word' id='word_1_19' title='bbox 2504 560 2688 626; x_wconf 86' lang='lat' dir='ltr'>supra</span> <span class='ocrx_word' id='word_1_20' title='bbox 2733 558 2923 623; x_wconf 85' lang='lat' dir='ltr'>rupes</span> 
     </span>
     <span class='ocr_line' id='line_1_4' title="bbox 598 640 2921 728; baseline -0.001 -21"><span class='ocrx_word' id='word_1_21' title='bbox 598 643 863 707; x_wconf 86' lang='lat' dir='ltr'>vidimus</span> <span class='ocrx_word' id='word_1_22' title='bbox 941 641 1018 706; x_wconf 85' lang='lat' dir='ltr'>ad</span> <span class='ocrx_word' id='word_1_23' title='bbox 1090 643 1413 720; x_wconf 78' lang='lat' dir='ltr'>Tromsoe,</span> <span class='ocrx_word' id='word_1_24' title='bbox 1493 640 1815 725; x_wconf 84' lang='lat' dir='ltr'>Gjaesvaer‚</span> <span class='ocrx_word' id='word_1_25' title='bbox 1892 643 2325 724; x_wconf 77' lang='lat' dir='ltr'>Mortensnae3‚</span> <span class='ocrx_word' id='word_1_26' title='bbox 2401 644 2748 728; x_wconf 74' lang='lat' dir='ltr'>SandskJaer</span> <span class='ocrx_word' id='word_1_27' title='bbox 2823 660 2921 725; x_wconf 87' lang='lat' dir='ltr'>pr.</span> 
     </span>
     <span class='ocr_line' id='line_1_5' title="bbox 596 744 2926 832; baseline -0.002 -19"><span class='ocrx_word' id='word_1_28' title='bbox 596 746 862 813; x_wconf 77' lang='lat' dir='ltr'>Wadsoe</span> <span class='ocrx_word' id='word_1_29' title='bbox 905 745 1301 820; x_wconf 84' lang='lat' dir='ltr'>Finmarkiae;</span> <span class='ocrx_word' id='word_1_30' title='bbox 1348 745 1425 809; x_wconf 86' lang='lat' dir='ltr'>ad</span> <span class='ocrx_word' id='word_1_31' title='bbox 1471 764 1609 809; x_wconf 84' lang='lat' dir='ltr'>oras</span> <span class='ocrx_word' id='word_1_32' title='bbox 1652 746 1983 830; x_wconf 84' lang='lat' dir='ltr'>Lapponiae</span> <span class='ocrx_word' id='word_1_33' title='bbox 2006 748 2273 813; x_wconf 84' lang='lat' dir='ltr'>Rossicae</span> <span class='ocrx_word' id='word_1_34' title='bbox 2320 768 2507 832; x_wconf 83' lang='lat' dir='ltr'>prope</span> <span class='ocrx_word' id='word_1_35' title='bbox 2553 744 2926 812; x_wconf 84' lang='lat' dir='ltr'>Paufelofka</span> 
     </span>
     <span class='ocr_line' id='line_1_6' title="bbox 595 847 1757 932; baseline 0 -18"><span class='ocrx_word' id='word_1_36' title='bbox 595 850 659 914; x_wconf 90' lang='lat' dir='ltr'>et</span> <span class='ocrx_word' id='word_1_37' title='bbox 701 847 988 931; x_wconf 83' lang='lat' dir='ltr'>Jokonga</span> <span class='ocrx_word' id='word_1_38' title='bbox 1031 848 1188 932; x_wconf 88' lang='lat' dir='ltr'>legit</span> <span class='ocrx_word' id='word_1_39' title='bbox 1231 849 1409 913; x_wconf 85' lang='lat' dir='ltr'>amic.</span> <span class='ocrx_word' id='word_1_40' title='bbox 1456 847 1757 914; x_wconf 87' lang='lat' dir='ltr'>Fellman.</span> 
     </span>
    </p>
   </div>
   <div class='ocr_carea' id='block_1_3' title="bbox 596 983 2932 2084">
    <p class='ocr_par' dir='ltr' id='par_1_3' title="bbox 596 983 2932 2084">
     <span class='ocr_line' id='line_1_7' title="bbox 739 983 2928 1055; baseline -0.002 -16"><span class='ocrx_word' id='word_1_41' title='bbox 739 984 936 1039; x_wconf 83' lang='lat' dir='ltr'>Forma</span> <span class='ocrx_word' id='word_1_42' title='bbox 969 984 1244 1055; x_wconf 85' lang='lat' dir='ltr'>primaria,</span> <span class='ocrx_word' id='word_1_43' title='bbox 1282 985 1481 1055; x_wconf 79' lang='lat' dir='ltr'>optime</span> <span class='ocrx_word' id='word_1_44' title='bbox 1517 986 1754 1050; x_wconf 84' lang='lat' dir='ltr'>evoluta,</span> <span class='ocrx_word' id='word_1_45' title='bbox 1792 984 2060 1041; x_wconf 87' lang='lat' dir='ltr'>crescendi</span> <span class='ocrx_word' id='word_1_46' title='bbox 2095 985 2251 1040; x_wconf 86' lang='lat' dir='ltr'>modo</span> <span class='ocrx_word' id='word_1_47' title='bbox 2287 989 2390 1040; x_wconf 89' lang='lat' dir='ltr'>cet.</span> <span class='ocrx_word' id='word_1_48' title='bbox 2428 985 2497 1039; x_wconf 88' lang='lat' dir='ltr'>L.</span> <span class='ocrx_word' id='word_1_49' title='bbox 2532 983 2928 1054; x_wconf 65' lang='lat' dir='ltr'>chryeozmoeam</span> 
     </span>
     <span class='ocr_line' id='line_1_8' title="bbox 600 1072 2927 1144; baseline -0.001 -19"><span class='ocrx_word' id='word_1_50' title='bbox 600 1072 809 1127; x_wconf 86' lang='lat' dir='ltr'>omnino</span> <span class='ocrx_word' id='word_1_51' title='bbox 856 1072 1154 1133; x_wconf 58' lang='lat' dir='ltr'>simulatur,</span> <span class='ocrx_word' id='word_1_52' title='bbox 1205 1087 1363 1140; x_wconf 83' lang='lat' dir='ltr'>quare</span> <span class='ocrx_word' id='word_1_53' title='bbox 1400 1073 1689 1142; x_wconf 79' lang='lat' dir='ltr'><strong>specimina</strong></span> <span class='ocrx_word' id='word_1_54' title='bbox 1720 1091 1887 1144; x_wconf 84' lang='lat' dir='ltr'>pauca</span> <span class='ocrx_word' id='word_1_55' title='bbox 1939 1078 2053 1128; x_wconf 87' lang='lat' dir='ltr'>tum</span> <span class='ocrx_word' id='word_1_56' title='bbox 2098 1072 2248 1126; x_wconf 86' lang='lat' dir='ltr'>nobis</span> <span class='ocrx_word' id='word_1_57' title='bbox 2284 1073 2496 1144; x_wconf 84' lang='lat' dir='ltr'>cognita</span> <span class='ocrx_word' id='word_1_58' title='bbox 2530 1072 2597 1127; x_wconf 87' lang='lat' dir='ltr'>ad</span> <span class='ocrx_word' id='word_1_59' title='bbox 2631 1072 2767 1126; x_wconf 88' lang='lat' dir='ltr'>hanc</span> <span class='ocrx_word' id='word_1_60' title='bbox 2803 1085 2927 1139; x_wconf 84' lang='lat' dir='ltr'>spe-</span> 
     </span>
     <span class='ocr_line' id='line_1_9' title="bbox 598 1155 2929 1228; baseline -0.001 -16"><span class='ocrx_word' id='word_1_61' title='bbox 598 1159 731 1213; x_wconf 87' lang='lat' dir='ltr'>ciem</span> <span class='ocrx_word' id='word_1_62' title='bbox 768 1159 822 1212; x_wconf 81' lang='lat' dir='ltr'>in</span> <span class='ocrx_word' id='word_1_63' title='bbox 858 1157 1007 1212; x_wconf 84' lang='lat' dir='ltr'>Lich.</span> <span class='ocrx_word' id='word_1_64' title='bbox 1045 1157 1241 1228; x_wconf 87' lang='lat' dir='ltr'>Spitsb.</span> <span class='ocrx_word' id='word_1_65' title='bbox 1281 1158 1575 1213; x_wconf 85' lang='lat' dir='ltr'>retulimus.</span> <span class='ocrx_word' id='word_1_66' title='bbox 1649 1159 1853 1215; x_wconf 82' lang='lat' dir='ltr'>Deinde</span> <span class='ocrx_word' id='word_1_67' title='bbox 1890 1160 2040 1214; x_wconf 87' lang='lat' dir='ltr'>nobis</span> <span class='ocrx_word' id='word_1_68' title='bbox 2075 1158 2249 1214; x_wconf 84' lang='lat' dir='ltr'>adfuit</span> <span class='ocrx_word' id='word_1_69' title='bbox 2283 1160 2486 1213; x_wconf 79' lang='lat' dir='ltr'><strong>occasio</strong></span> <span class='ocrx_word' id='word_1_70' title='bbox 2521 1159 2670 1213; x_wconf 85' lang='lat' dir='ltr'>illam</span> <span class='ocrx_word' id='word_1_71' title='bbox 2706 1158 2761 1211; x_wconf 86' lang='lat' dir='ltr'>in</span> <span class='ocrx_word' id='word_1_72' title='bbox 2794 1155 2929 1209; x_wconf 83' lang='lat' dir='ltr'>locis</span> 
     </span>
     <span class='ocr_line' id='line_1_10' title="bbox 596 1243 2924 1317; baseline -0.002 -17"><span class='ocrx_word' id='word_1_73' title='bbox 596 1244 860 1300; x_wconf 85' lang='lat' dir='ltr'>natalibus</span> <span class='ocrx_word' id='word_1_74' title='bbox 895 1243 1191 1314; x_wconf 87' lang='lat' dir='ltr'>colligendi,</span> <span class='ocrx_word' id='word_1_75' title='bbox 1246 1247 1404 1314; x_wconf 83' lang='lat' dir='ltr'>atque</span> <span class='ocrx_word' id='word_1_76' title='bbox 1459 1246 1601 1299; x_wconf 83' lang='lat' dir='ltr'>clara</span> <span class='ocrx_word' id='word_1_77' title='bbox 1653 1262 1764 1299; x_wconf 86' lang='lat' dir='ltr'>sese</span> <span class='ocrx_word' id='word_1_78' title='bbox 1801 1262 1922 1300; x_wconf 83' lang='lat' dir='ltr'>mox</span> <span class='ocrx_word' id='word_1_79' title='bbox 1954 1247 2173 1317; x_wconf 80' lang='lat' dir='ltr'>praebuit</span> <span class='ocrx_word' id='word_1_80' title='bbox 2209 1246 2509 1301; x_wconf 84' lang='lat' dir='ltr'>differentia</span> <span class='ocrx_word' id='word_1_81' title='bbox 2544 1264 2576 1300; x_wconf 88' lang='lat' dir='ltr'>a</span> <span class='ocrx_word' id='word_1_82' title='bbox 2611 1245 2676 1300; x_wconf 89' lang='lat' dir='ltr'>L.</span> <span class='ocrx_word' id='word_1_83' title='bbox 2713 1244 2924 1313; x_wconf 66' lang='lat' dir='ltr'>chryso-</span> 
     </span>
     <span class='ocr_line' id='line_1_11' title="bbox 600 1330 2929 1403; baseline -0.002 -17"><span class='ocrx_word' id='word_1_84' title='bbox 600 1333 749 1386; x_wconf 75' lang='lat' dir='ltr'>letoea</span> <span class='ocrx_word' id='word_1_85' title='bbox 784 1335 841 1385; x_wconf 87' lang='lat' dir='ltr'>et</span> <span class='ocrx_word' id='word_1_86' title='bbox 874 1347 1034 1384; x_wconf 86' lang='lat' dir='ltr'>nexus</span> <span class='ocrx_word' id='word_1_87' title='bbox 1071 1349 1187 1386; x_wconf 91' lang='lat' dir='ltr'>cum</span> <span class='ocrx_word' id='word_1_88' title='bbox 1225 1333 1406 1403; x_wconf 88' lang='lat' dir='ltr'>planta</span> <span class='ocrx_word' id='word_1_89' title='bbox 1442 1333 1777 1387; x_wconf 83' lang='lat' dir='ltr'>Finmarkica</span> <span class='ocrx_word' id='word_1_90' title='bbox 1823 1333 1935 1401; x_wconf 84' lang='lat' dir='ltr'>jam</span> <span class='ocrx_word' id='word_1_91' title='bbox 1988 1334 2081 1387; x_wconf 89' lang='lat' dir='ltr'>diu</span> <span class='ocrx_word' id='word_1_92' title='bbox 2113 1333 2263 1387; x_wconf 89' lang='lat' dir='ltr'>nobis</span> <span class='ocrx_word' id='word_1_93' title='bbox 2300 1333 2528 1402; x_wconf 84' lang='lat' dir='ltr'>cognita.</span> <span class='ocrx_word' id='word_1_94' title='bbox 2592 1331 2734 1394; x_wconf 81' lang='lat' dir='ltr'><strong>Haec,</strong></span> <span class='ocrx_word' id='word_1_95' title='bbox 2772 1330 2929 1398; x_wconf 85' lang='lat' dir='ltr'>cujus</span> 
     </span>
     <span class='ocr_line' id='line_1_12' title="bbox 597 1417 2928 1490; baseline -0.001 -18"><span class='ocrx_word' id='word_1_96' title='bbox 597 1417 1005 1488; x_wconf 82' lang='lat' dir='ltr'>descriptionem</span> <span class='ocrx_word' id='word_1_97' title='bbox 1058 1418 1208 1473; x_wconf 82' lang='lat' dir='ltr'>dedit</span> <span class='ocrx_word' id='word_1_98' title='bbox 1258 1419 1557 1489; x_wconf 85' lang='lat' dir='ltr'>Nylander,</span> <span class='ocrx_word' id='word_1_99' title='bbox 1614 1420 1800 1475; x_wconf 88' lang='lat' dir='ltr'>habitu</span> <span class='ocrx_word' id='word_1_100' title='bbox 1836 1419 2169 1475; x_wconf 73' lang='lat' dir='ltr'>Loeanoram</span> <span class='ocrx_word' id='word_1_101' title='bbox 2195 1420 2575 1490; x_wconf 77' lang='lat' dir='ltr'>frustulosam,</span> <span class='ocrx_word' id='word_1_102' title='bbox 2612 1419 2928 1487; x_wconf 64' lang='lat' dir='ltr'>subjaceam</span> 
     </span>
     <span class='ocr_line' id='line_1_13' title="bbox 600 1503 2929 1578; baseline -0.001 -20"><span class='ocrx_word' id='word_1_103' title='bbox 600 1505 682 1559; x_wconf 79' lang='lat' dir='ltr'>vel</span> <span class='ocrx_word' id='word_1_104' title='bbox 736 1505 955 1574; x_wconf 72' lang='lat' dir='ltr'>Hayeni</span> <span class='ocrx_word' id='word_1_105' title='bbox 1001 1504 1057 1558; x_wconf 89' lang='lat' dir='ltr'>in</span> <span class='ocrx_word' id='word_1_106' title='bbox 1111 1507 1416 1561; x_wconf 84' lang='lat' dir='ltr'>memoriam</span> <span class='ocrx_word' id='word_1_107' title='bbox 1467 1524 1698 1578; x_wconf 66' lang='lat' dir='ltr'>persaepe</span> <span class='ocrx_word' id='word_1_108' title='bbox 1749 1511 1980 1561; x_wconf 84' lang='lat' dir='ltr'>revocat.</span> <span class='ocrx_word' id='word_1_109' title='bbox 2071 1508 2339 1578; x_wconf 63' lang='lat' dir='ltr'>Praecipue</span> <span class='ocrx_word' id='word_1_110' title='bbox 2393 1508 2697 1578; x_wconf 78' lang='lat' dir='ltr'>specimina.</span> <span class='ocrx_word' id='word_1_111' title='bbox 2753 1503 2929 1558; x_wconf 83' lang='lat' dir='ltr'>thallo</span> 
     </span>
     <span class='ocr_line' id='line_1_14' title="bbox 601 1591 2932 1662; baseline -0.001 -15"><span class='ocrx_word' id='word_1_112' title='bbox 601 1591 996 1662; x_wconf 82' lang='lat' dir='ltr'>apotheciorum</span> <span class='ocrx_word' id='word_1_113' title='bbox 1050 1592 1201 1662; x_wconf 86' lang='lat' dir='ltr'>copia</span> <span class='ocrx_word' id='word_1_114' title='bbox 1254 1591 1389 1648; x_wconf 79' lang='lat' dir='ltr'>fere</span> <span class='ocrx_word' id='word_1_115' title='bbox 1416 1594 1629 1649; x_wconf 88' lang='lat' dir='ltr'>omnino</span> <span class='ocrx_word' id='word_1_116' title='bbox 1683 1594 2009 1657; x_wconf 83' lang='lat' dir='ltr'>oblitterato,</span> <span class='ocrx_word' id='word_1_117' title='bbox 2066 1595 2387 1649; x_wconf 75' lang='lat' dir='ltr'>confusionis</span> <span class='ocrx_word' id='word_1_118' title='bbox 2420 1595 2577 1649; x_wconf 83' lang='lat' dir='ltr'>facile</span> <span class='ocrx_word' id='word_1_119' title='bbox 2613 1593 2742 1647; x_wconf 80' lang='lat' dir='ltr'>dant</span> <span class='ocrx_word' id='word_1_120' title='bbox 2776 1608 2932 1646; x_wconf 87' lang='lat' dir='ltr'>occa-</span> 
     </span>
     <span class='ocr_line' id='line_1_15' title="bbox 599 1676 2927 1749; baseline 0 -18"><span class='ocrx_word' id='word_1_121' title='bbox 599 1680 816 1732; x_wconf 85' lang='lat' dir='ltr'>sionem.</span> <span class='ocrx_word' id='word_1_122' title='bbox 858 1709 920 1717; x_wconf 93' lang='lat'>—</span> <span class='ocrx_word' id='word_1_123' title='bbox 960 1676 1255 1748; x_wconf 84' lang='lat' dir='ltr'>Apothecia</span> <span class='ocrx_word' id='word_1_124' title='bbox 1313 1679 1490 1734; x_wconf 58' lang='lat' dir='ltr'>formai</span> <span class='ocrx_word' id='word_1_125' title='bbox 1545 1700 1599 1734; x_wconf 81' lang='grc' dir='ltr'>α.</span> <span class='ocrx_word' id='word_1_126' title='bbox 1655 1697 1816 1749; x_wconf 86' lang='lat' dir='ltr'>usque</span> <span class='ocrx_word' id='word_1_127' title='bbox 1870 1680 1937 1735; x_wconf 88' lang='lat' dir='ltr'>ad</span> <span class='ocrx_word' id='word_1_128' title='bbox 1991 1685 2023 1736; x_wconf 85' lang='lat'>5</span> <span class='ocrx_word' id='word_1_129' title='bbox 2078 1699 2202 1738; x_wconf 84' lang='lat' dir='ltr'>mm.</span> <span class='ocrx_word' id='word_1_130' title='bbox 2259 1682 2370 1737; x_wconf 85' lang='lat' dir='ltr'>lata</span> <span class='ocrx_word' id='word_1_131' title='bbox 2421 1681 2678 1745; x_wconf 83' lang='lat' dir='ltr'>evadunt·,</span> <span class='ocrx_word' id='word_1_132' title='bbox 2718 1696 2828 1733; x_wconf 80' lang='lat' dir='ltr'>var.</span> <span class='ocrx_word' id='word_1_133' title='bbox 2867 1683 2927 1748; x_wconf 76' lang='grc' dir='ltr'>β.</span> 
     </span>
     <span class='ocr_line' id='line_1_16' title="bbox 597 1764 2929 1836; baseline -0 -18"><span class='ocrx_word' id='word_1_134' title='bbox 597 1765 843 1828; x_wconf 79' lang='grc'>0,5-1,5</span> <span class='ocrx_word' id='word_1_135' title='bbox 899 1780 1024 1819; x_wconf 88' lang='lat' dir='ltr'>mm.</span> <span class='ocrx_word' id='word_1_136' title='bbox 1081 1765 1410 1835; x_wconf 77' lang='lat' dir='ltr'>Paraphyses</span> <span class='ocrx_word' id='word_1_137' title='bbox 1465 1766 1868 1836; x_wconf 63' lang='lat' dir='ltr'>conglutinatis,</span> <span class='ocrx_word' id='word_1_138' title='bbox 1922 1769 2071 1836; x_wconf 80' lang='lat' dir='ltr'>apice</span> <span class='ocrx_word' id='word_1_139' title='bbox 2125 1769 2332 1823; x_wconf 84' lang='lat' dir='ltr'>sordide</span> <span class='ocrx_word' id='word_1_140' title='bbox 2386 1766 2674 1823; x_wconf 80' lang='lat' dir='ltr'>fuscidulae.</span> <span class='ocrx_word' id='word_1_141' title='bbox 2747 1764 2929 1834; x_wconf 76' lang='lat' dir='ltr'>Sporae</span> 
     </span>
     <span class='ocr_line' id='line_1_17' title="bbox 599 1850 2931 1923; baseline -0.001 -18"><span class='ocrx_word' id='word_1_142' title='bbox 599 1850 936 1922; x_wconf 81' lang='lat' dir='ltr'>ellipsoideae,</span> <span class='ocrx_word' id='word_1_143' title='bbox 974 1852 1268 1919; x_wconf 84' lang='grc'>0,008--11</span> <span class='ocrx_word' id='word_1_144' title='bbox 1332 1868 1457 1906; x_wconf 87' lang='lat' dir='ltr'>mm.</span> <span class='ocrx_word' id='word_1_145' title='bbox 1514 1852 1683 1923; x_wconf 72' lang='lat' dir='ltr'>longai</span> <span class='ocrx_word' id='word_1_146' title='bbox 1736 1857 1793 1908; x_wconf 88' lang='lat' dir='ltr'>et</span> <span class='ocrx_word' id='word_1_147' title='bbox 1843 1855 2103 1916; x_wconf 76' lang='grc'>0,004-6</span> <span class='ocrx_word' id='word_1_148' title='bbox 2139 1871 2264 1912; x_wconf 85' lang='lat' dir='ltr'>mm.</span> <span class='ocrx_word' id='word_1_149' title='bbox 2300 1872 2501 1910; x_wconf 82' lang='lat' dir='ltr'>crassae.</span> <span class='ocrx_word' id='word_1_150' title='bbox 2570 1853 2706 1908; x_wconf 85' lang='lat' dir='ltr'>Jodo</span> <span class='ocrx_word' id='word_1_151' title='bbox 2741 1852 2931 1920; x_wconf 76' lang='lat' dir='ltr'>hyme-</span> 
     </span>
     <span class='ocr_line' id='line_1_18' title="bbox 598 1937 2923 2009; baseline -0.001 -15"><span class='ocrx_word' id='word_1_152' title='bbox 598 1940 762 2003; x_wconf 84' lang='lat' dir='ltr'>nium,</span> <span class='ocrx_word' id='word_1_153' title='bbox 800 1937 1057 2009; x_wconf 82' lang='lat' dir='ltr'>proecipue</span> <span class='ocrx_word' id='word_1_154' title='bbox 1109 1938 1234 2002; x_wconf 87' lang='lat' dir='ltr'>asci,</span> <span class='ocrx_word' id='word_1_155' title='bbox 1290 1938 1597 2004; x_wconf 70' lang='lat' dir='ltr'>caerulescst,</span> <span class='ocrx_word' id='word_1_156' title='bbox 1655 1940 1775 1996; x_wconf 88' lang='lat' dir='ltr'>dein</span> <span class='ocrx_word' id='word_1_157' title='bbox 1810 1940 2076 1995; x_wconf 84' lang='lat' dir='ltr'>interdum</span> <span class='ocrx_word' id='word_1_158' title='bbox 2110 1942 2437 1998; x_wconf 79' lang='lat' dir='ltr'>subviolacee</span> <span class='ocrx_word' id='word_1_159' title='bbox 2473 1940 2818 1996; x_wconf 84' lang='lat' dir='ltr'>decoloratur.</span> <span class='ocrx_word' id='word_1_160' title='bbox 2864 1968 2923 1977; x_wconf 89' lang='lat'>-</span> 
     </span>
     <span class='ocr_line' id='line_1_19' title="bbox 600 2011 2230 2084; baseline 0.001 -3"><span class='ocrx_word' id='word_1_161' title='bbox 600 2027 819 2083; x_wconf 77' lang='lat' dir='ltr'><strong>Thallus</strong></span> <span class='ocrx_word' id='word_1_162' title='bbox 861 2011 913 2082; x_wconf 71' lang='lat'>1⁸(</span> <span class='ocrx_word' id='word_1_163' title='bbox 948 2025 1138 2079; x_wconf 81' lang='lat' dir='ltr'>leviter</span> <span class='ocrx_word' id='word_1_164' title='bbox 1171 2025 1387 2081; x_wconf 80' lang='lat' dir='ltr'>latescit</span> <span class='ocrx_word' id='word_1_165' title='bbox 1421 2027 1506 2082; x_wconf 86' lang='lat' dir='ltr'>vel</span> <span class='ocrx_word' id='word_1_166' title='bbox 1543 2027 1652 2083; x_wconf 86' lang='lat' dir='ltr'>fere</span> <span class='ocrx_word' id='word_1_167' title='bbox 1687 2028 1999 2083; x_wconf 82' lang='lat' dir='ltr'>immutatus</span> <span class='ocrx_word' id='word_1_168' title='bbox 2034 2033 2230 2084; x_wconf 82' lang='lat' dir='ltr'>manet.</span> 
     </span>
    </p>
   </div>
   <div class='ocr_carea' id='block_1_4' title="bbox 600 2128 2933 2384">
    <p class='ocr_par' dir='ltr' id='par_1_4' title="bbox 600 2128 2933 2384">
     <span class='ocr_line' id='line_1_20' title="bbox 741 2128 2930 2202; baseline -0.002 -14"><span class='ocrx_word' id='word_1_169' title='bbox 741 2132 854 2188; x_wconf 73' lang='lat' dir='ltr'>obs.</span> <span class='ocrx_word' id='word_1_170' title='bbox 926 2134 1046 2188; x_wconf 82' lang='lat' dir='ltr'>Etsi</span> <span class='ocrx_word' id='word_1_171' title='bbox 1079 2128 1181 2184; x_wconf 86' lang='lat' dir='ltr'>duo</span> <span class='ocrx_word' id='word_1_172' title='bbox 1211 2128 1325 2198; x_wconf 86' lang='lat' dir='ltr'>jam</span> <span class='ocrx_word' id='word_1_173' title='bbox 1360 2135 1571 2186; x_wconf 76' lang='lat' dir='ltr'>exstant</span> <span class='ocrx_word' id='word_1_174' title='bbox 1606 2133 1837 2199; x_wconf 84' lang='lat' dir='ltr'>nomina,</span> <span class='ocrx_word' id='word_1_175' title='bbox 1872 2147 2063 2186; x_wconf 79' lang='lat' dir='ltr'>novum</span> <span class='ocrx_word' id='word_1_176' title='bbox 2116 2133 2184 2186; x_wconf 88' lang='lat' dir='ltr'>iis</span> <span class='ocrx_word' id='word_1_177' title='bbox 2220 2131 2510 2187; x_wconf 85' lang='lat' dir='ltr'>rationibus</span> <span class='ocrx_word' id='word_1_178' title='bbox 2545 2131 2930 2202; x_wconf 78' lang='lat' dir='ltr'>proposuimus,</span> 
     </span>
     <span class='ocr_line' id='line_1_21' title="bbox 602 2216 2933 2292; baseline -0.003 -17"><span class='ocrx_word' id='word_1_179' title='bbox 602 2220 743 2292; x_wconf 87' lang='lat' dir='ltr'>quod</span> <span class='ocrx_word' id='word_1_180' title='bbox 795 2219 923 2290; x_wconf 89' lang='lat' dir='ltr'>quid</span> <span class='ocrx_word' id='word_1_181' title='bbox 958 2236 1020 2274; x_wconf 82' lang='lat' dir='ltr'>ex</span> <span class='ocrx_word' id='word_1_182' title='bbox 1056 2217 1164 2273; x_wconf 85' lang='lat' dir='ltr'>illis</span> <span class='ocrx_word' id='word_1_183' title='bbox 1216 2216 1289 2272; x_wconf 80' lang='lat' dir='ltr'>sit</span> <span class='ocrx_word' id='word_1_184' title='bbox 1343 2219 1615 2289; x_wconf 86' lang='lat' dir='ltr'>antiquius</span> <span class='ocrx_word' id='word_1_185' title='bbox 1650 2236 1753 2273; x_wconf 86' lang='lat' dir='ltr'>nou</span> <span class='ocrx_word' id='word_1_186' title='bbox 1789 2219 1917 2274; x_wconf 87' lang='lat' dir='ltr'>licet</span> <span class='ocrx_word' id='word_1_187' title='bbox 1951 2220 2244 2276; x_wconf 86' lang='lat' dir='ltr'>discernere</span> <span class='ocrx_word' id='word_1_188' title='bbox 2281 2224 2439 2291; x_wconf 87' lang='lat' dir='ltr'>atque</span> <span class='ocrx_word' id='word_1_189' title='bbox 2474 2217 2614 2288; x_wconf 88' lang='lat' dir='ltr'>quod</span> <span class='ocrx_word' id='word_1_190' title='bbox 2649 2221 2933 2286; x_wconf 79' lang='lat' dir='ltr'>utrumque</span> 
     </span>
     <span class='ocr_line' id='line_1_22' title="bbox 600 2304 2635 2384; baseline -0.001 -22"><span class='ocrx_word' id='word_1_191' title='bbox 600 2324 779 2362; x_wconf 87' lang='lat' dir='ltr'>eorum</span> <span class='ocrx_word' id='word_1_192' title='bbox 815 2306 1140 2371; x_wconf 82' lang='lat' dir='ltr'>distinctam,</span> <span class='ocrx_word' id='word_1_193' title='bbox 1177 2306 1388 2377; x_wconf 87' lang='lat' dir='ltr'>propria</span> <span class='ocrx_word' id='word_1_194' title='bbox 1421 2306 1844 2362; x_wconf 70' lang='lat' dir='ltr'>denominatione</span> <span class='ocrx_word' id='word_1_195' title='bbox 1878 2305 2110 2378; x_wconf 75' lang='lat' dir='ltr'>dignam,</span> <span class='ocrx_word' id='word_1_196' title='bbox 2147 2305 2365 2376; x_wconf 79' lang='lat' dir='ltr'>respicit</span> <span class='ocrx_word' id='word_1_197' title='bbox 2397 2304 2635 2384; x_wconf 65' lang='lat' dir='ltr'>formam.</span> 
     </span>
    </p>
   </div>
   <div class='ocr_carea' id='block_1_5' title="bbox 1017 2553 2500 2633">
    <p class='ocr_par' dir='ltr' id='par_1_5' title="bbox 1017 2553 2500 2633">
     <span class='ocr_line' id='line_1_23' title="bbox 1017 2553 2500 2633; baseline 0 -19"><span class='ocrx_word' id='word_1_198' title='bbox 1017 2553 1119 2615; x_wconf 92' lang='grc'>11.</span> <span class='ocrx_word' id='word_1_199' title='bbox 1210 2555 1275 2615; x_wconf 89' lang='lat' dir='ltr'>L.</span> <span class='ocrx_word' id='word_1_200' title='bbox 1326 2556 1815 2630; x_wconf 84' lang='lat' dir='ltr'>(PLACODIUM)</span> <span class='ocrx_word' id='word_1_201' title='bbox 1862 2557 2145 2618; x_wconf 84' lang='lat' dir='ltr'>GELIDA</span> <span class='ocrx_word' id='word_1_202' title='bbox 2191 2556 2312 2633; x_wconf 81' lang='lat' dir='ltr'>(L.)</span> <span class='ocrx_word' id='word_1_203' title='bbox 2361 2557 2500 2616; x_wconf 72' lang='lat' dir='ltr'>Aah.</span> 
     </span>
    </p>
   </div>
   <div class='ocr_carea' id='block_1_6' title="bbox 603 2705 2930 3307">
    <p class='ocr_par' dir='ltr' id='par_1_6' title="bbox 603 2705 2930 3307">
     <span class='ocr_line' id='line_1_24' title="bbox 775 2705 2927 2788; baseline -0 -17"><span class='ocrx_word' id='word_1_204' title='bbox 775 2705 1034 2772; x_wconf 81' lang='lat' dir='ltr'>Thallus</span> <span class='ocrx_word' id='word_1_205' title='bbox 1077 2707 1402 2784; x_wconf 62' lang='lat' dir='ltr'>tartareus»,</span> <span class='ocrx_word' id='word_1_206' title='bbox 1444 2710 1671 2786; x_wconf 53' lang='lat' dir='ltr'>tenum,</span> <span class='ocrx_word' id='word_1_207' title='bbox 1717 2710 2120 2788; x_wconf 47' lang='lat' dir='ltr'>orbiculari&amp;</span> <span class='ocrx_word' id='word_1_208' title='bbox 2168 2713 2340 2773; x_wconf 78' lang='lat' dir='ltr'>arcte</span> <span class='ocrx_word' id='word_1_209' title='bbox 2384 2707 2682 2784; x_wconf 61' lang='lat' dir='ltr'>acl-natm,</span> <span class='ocrx_word' id='word_1_210' title='bbox 2714 2706 2927 2771; x_wconf 88' lang='lat' dir='ltr'>centro</span> 
     </span>
     <span class='ocr_line' id='line_1_25' title="bbox 605 2807 2930 2893; baseline -0.001 -19"><span class='ocrx_word' id='word_1_211' title='bbox 605 2807 914 2874; x_wconf 84' lang='lat' dir='ltr'>areolatus</span> <span class='ocrx_word' id='word_1_212' title='bbox 931 2857 947 2885; x_wconf 86' lang='lat'>‚</span> <span class='ocrx_word' id='word_1_213' title='bbox 1013 2810 1311 2892; x_wconf 85' lang='lat' dir='ltr'>praeterea</span> <span class='ocrx_word' id='word_1_214' title='bbox 1347 2809 1997 2893; x_wconf 45' lang='lat' dir='ltr'>radiato-diffracta&amp;</span> <span class='ocrx_word' id='word_1_215' title='bbox 2055 2811 2289 2877; x_wconf 87' lang='lat' dir='ltr'>ambitu</span> <span class='ocrx_word' id='word_1_216' title='bbox 2357 2807 2930 2876; x_wconf 83' lang='lat' dir='ltr'>laciniato·lobatus</span> 
     </span>
     <span class='ocr_line' id='line_1_26' title="bbox 605 2911 2929 2994; baseline -0 -17"><span class='ocrx_word' id='word_1_217' title='bbox 605 2912 848 2978; x_wconf 84' lang='lat' dir='ltr'>laciniis</span> <span class='ocrx_word' id='word_1_218' title='bbox 870 2911 1192 2989; x_wconf 77' lang='lat' dir='ltr'>dilatatis,</span> <span class='ocrx_word' id='word_1_219' title='bbox 1235 2912 1895 2979; x_wconf 67' lang='lat' dir='ltr'>carneo-cinerosam</span> <span class='ocrx_word' id='word_1_220' title='bbox 1916 2935 1972 2978; x_wconf 83' lang='lat' dir='ltr'>v.</span> <span class='ocrx_word' id='word_1_221' title='bbox 2006 2914 2542 2990; x_wconf 75' lang='lat' dir='ltr'>carneo-albidus,</span> <span class='ocrx_word' id='word_1_222' title='bbox 2565 2911 2929 2994; x_wconf 74' lang='lat' dir='ltr'>cephalodio</span> 
     </span>
     <span class='ocr_line' id='line_1_27' title="bbox 606 3013 2922 3100; baseline 0 -21"><span class='ocrx_word' id='word_1_223' title='bbox 606 3014 863 3081; x_wconf 86' lang='lat' dir='ltr'>centrali</span> <span class='ocrx_word' id='word_1_224' title='bbox 912 3015 1044 3100; x_wconf 84' lang='lat' dir='ltr'>(vel</span> <span class='ocrx_word' id='word_1_225' title='bbox 1087 3014 1371 3098; x_wconf 89' lang='lat' dir='ltr'>pluribus</span> <span class='ocrx_word' id='word_1_226' title='bbox 1415 3013 1675 3099; x_wconf 88' lang='lat' dir='ltr'>sparsis)</span> <span class='ocrx_word' id='word_1_227' title='bbox 1743 3015 2029 3100; x_wconf 87' lang='lat' dir='ltr'>depresso</span> <span class='ocrx_word' id='word_1_228' title='bbox 2098 3022 2163 3082; x_wconf 88' lang='lat' dir='ltr'>et</span> <span class='ocrx_word' id='word_1_229' title='bbox 2205 3018 2450 3082; x_wconf 88' lang='lat' dir='ltr'>demum</span> <span class='ocrx_word' id='word_1_230' title='bbox 2498 3015 2787 3082; x_wconf 82' lang='lat' dir='ltr'>radiatim</span> <span class='ocrx_word' id='word_1_231' title='bbox 2833 3016 2922 3079; x_wconf 85' lang='lat' dir='ltr'>ri-</span> 
     </span>
     <span class='ocr_line' id='line_1_28' title="bbox 605 3117 2926 3205; baseline -0 -21"><span class='ocrx_word' id='word_1_232' title='bbox 605 3137 798 3197; x_wconf 86' lang='lat' dir='ltr'>moso,</span> <span class='ocrx_word' id='word_1_233' title='bbox 840 3117 1175 3205; x_wconf 66' lang='lat' dir='ltr'>rufofusco</span> <span class='ocrx_word' id='word_1_234' title='bbox 1217 3138 1274 3182; x_wconf 81' lang='lat' dir='ltr'>v.</span> <span class='ocrx_word' id='word_1_235' title='bbox 1321 3137 1548 3182; x_wconf 79' lang='lat' dir='ltr'>carneo</span> <span class='ocrx_word' id='word_1_236' title='bbox 1615 3119 1997 3195; x_wconf 52' lang='lat' dir='ltr'>instruc-tux</span> <span class='ocrx_word' id='word_1_237' title='bbox 2062 3120 2385 3203; x_wconf 75' lang='lat' dir='ltr'>apothecis</span> <span class='ocrx_word' id='word_1_238' title='bbox 2450 3119 2710 3197; x_wconf 76' lang='lat' dir='ltr'>adnata,</span> <span class='ocrx_word' id='word_1_239' title='bbox 2756 3118 2926 3183; x_wconf 90' lang='lat' dir='ltr'>disco</span> 
     </span>
     <span class='ocr_line' id='line_1_29' title="bbox 603 3220 2187 3307; baseline 0 -21"><span class='ocrx_word' id='word_1_240' title='bbox 603 3227 1147 3299; x_wconf 62' lang='lat' dir='ltr'>carneo-mmm,</span> <span class='ocrx_word' id='word_1_241' title='bbox 1190 3220 1471 3304; x_wconf 86' lang='lat' dir='ltr'>margine</span> <span class='ocrx_word' id='word_1_242' title='bbox 1516 3239 1722 3286; x_wconf 85' lang='lat' dir='ltr'>crasso</span> <span class='ocrx_word' id='word_1_243' title='bbox 1768 3221 2187 3307; x_wconf 86' lang='lat' dir='ltr'>integerrimo.</span> 
     </span>
    </p>
   </div>
   <div class='ocr_carea' id='block_1_7' title="bbox 605 3356 2927 3862">
    <p class='ocr_par' dir='ltr' id='par_1_7' title="bbox 605 3356 2927 3776">
     <span class='ocr_line' id='line_1_30' title="bbox 745 3356 2924 3429; baseline -0.001 -16"><span class='ocrx_word' id='word_1_244' title='bbox 745 3357 881 3429; x_wconf 86' lang='lat' dir='ltr'>Syn.</span> <span class='ocrx_word' id='word_1_245' title='bbox 951 3356 1152 3413; x_wconf 68' lang='lat' dir='ltr'>Heben</span> <span class='ocrx_word' id='word_1_246' title='bbox 1180 3358 1389 3428; x_wconf 73' lang='lat' dir='ltr'>yelidus</span> <span class='ocrx_word' id='word_1_247' title='bbox 1422 3356 1575 3411; x_wconf 90' lang='lat' dir='ltr'>Linn.</span> <span class='ocrx_word' id='word_1_248' title='bbox 1613 3357 1781 3413; x_wconf 83' lang='lat' dir='ltr'>Mant.</span> <span class='ocrx_word' id='word_1_249' title='bbox 1818 3358 1871 3412; x_wconf 90' lang='lat'>11</span> <span class='ocrx_word' id='word_1_250' title='bbox 1908 3359 2092 3429; x_wconf 88' lang='grc'>(1771)</span> <span class='ocrx_word' id='word_1_251' title='bbox 2129 3375 2179 3429; x_wconf 92' lang='lat' dir='ltr'>p.</span> <span class='ocrx_word' id='word_1_252' title='bbox 2218 3359 2337 3423; x_wconf 83' lang='lat'><strong>133,</strong></span> <span class='ocrx_word' id='word_1_253' title='bbox 2376 3360 2506 3414; x_wconf 88' lang='lat' dir='ltr'>Ach.</span> <span class='ocrx_word' id='word_1_254' title='bbox 2544 3357 2729 3414; x_wconf 87' lang='lat' dir='ltr'>Prodr.</span> <span class='ocrx_word' id='word_1_255' title='bbox 2756 3376 2808 3429; x_wconf 88' lang='lat' dir='ltr'>p.</span> <span class='ocrx_word' id='word_1_256' title='bbox 2839 3358 2924 3422; x_wconf 89' lang='grc'>74,</span> 
     </span>
     <span class='ocr_line' id='line_1_31' title="bbox 608 3441 2927 3517; baseline -0 -19"><span class='ocrx_word' id='word_1_257' title='bbox 608 3443 800 3515; x_wconf 83' lang='lat' dir='ltr'>Wnbg.</span> <span class='ocrx_word' id='word_1_258' title='bbox 840 3445 1005 3515; x_wconf 87' lang='lat' dir='ltr'>Lapp.</span> <span class='ocrx_word' id='word_1_259' title='bbox 1039 3463 1090 3516; x_wconf 89' lang='lat' dir='ltr'>p.</span> <span class='ocrx_word' id='word_1_260' title='bbox 1129 3444 1250 3508; x_wconf 87' lang='lat'>415,</span> <span class='ocrx_word' id='word_1_261' title='bbox 1296 3443 1441 3498; x_wconf 90' lang='lat' dir='ltr'>Suec.</span> <span class='ocrx_word' id='word_1_262' title='bbox 1496 3461 1547 3514; x_wconf 93' lang='lat' dir='ltr'>p.</span> <span class='ocrx_word' id='word_1_263' title='bbox 1587 3444 1706 3500; x_wconf 85' lang='grc'>845.</span> <span class='ocrx_word' id='word_1_264' title='bbox 1750 3477 1812 3484; x_wconf 85' lang='lat'>—-</span> <span class='ocrx_word' id='word_1_265' title='bbox 1850 3445 2126 3500; x_wconf 62' lang='lat' dir='ltr'>Par-melia</span> <span class='ocrx_word' id='word_1_266' title='bbox 2180 3445 2314 3500; x_wconf 86' lang='lat' dir='ltr'>Ach.</span> <span class='ocrx_word' id='word_1_267' title='bbox 2373 3446 2537 3502; x_wconf 83' lang='lat' dir='ltr'>Meth.</span> <span class='ocrx_word' id='word_1_268' title='bbox 2592 3464 2642 3517; x_wconf 87' lang='lat' dir='ltr'>p.</span> <span class='ocrx_word' id='word_1_269' title='bbox 2678 3444 2798 3508; x_wconf 83' lang='lat'>188,</span> <span class='ocrx_word' id='word_1_270' title='bbox 2835 3441 2927 3498; x_wconf 82' lang='lat' dir='ltr'>Fr.</span> 
     </span>
     <span class='ocr_line' id='line_1_32' title="bbox 606 3530 2927 3604; baseline 0 -19"><span class='ocrx_word' id='word_1_271' title='bbox 606 3531 667 3586; x_wconf 91' lang='lat' dir='ltr'>L.</span> <span class='ocrx_word' id='word_1_272' title='bbox 708 3532 768 3585; x_wconf 78' lang='lat' dir='ltr'>E.</span> <span class='ocrx_word' id='word_1_273' title='bbox 807 3550 857 3603; x_wconf 91' lang='lat' dir='ltr'>p.</span> <span class='ocrx_word' id='word_1_274' title='bbox 896 3532 1001 3586; x_wconf 74' lang='lat'>104</span> <span class='ocrx_word' id='word_1_275' title='bbox 1035 3532 1150 3601; x_wconf 62' lang='lat' dir='ltr'>(m).</span> <span class='ocrx_word' id='word_1_276' title='bbox 1194 3563 1255 3570; x_wconf 88' lang='lat'>—-</span> <span class='ocrx_word' id='word_1_277' title='bbox 1293 3531 1570 3585; x_wconf 81' lang='lat' dir='ltr'>Lecanora</span> <span class='ocrx_word' id='word_1_278' title='bbox 1608 3530 1738 3585; x_wconf 87' lang='lat' dir='ltr'>Ach.</span> <span class='ocrx_word' id='word_1_279' title='bbox 1768 3531 1923 3586; x_wconf 85' lang='lat' dir='ltr'>Univ.</span> <span class='ocrx_word' id='word_1_280' title='bbox 1964 3533 2148 3603; x_wconf 85' lang='lat'>(1810)</span> <span class='ocrx_word' id='word_1_281' title='bbox 2182 3551 2235 3604; x_wconf 90' lang='lat' dir='ltr'>p.</span> <span class='ocrx_word' id='word_1_282' title='bbox 2274 3534 2397 3596; x_wconf 83' lang='lat'>428,</span> <span class='ocrx_word' id='word_1_283' title='bbox 2437 3533 2555 3587; x_wconf 87' lang='lat' dir='ltr'>Vet.</span> <span class='ocrx_word' id='word_1_284' title='bbox 2592 3532 2690 3586; x_wconf 79' lang='lat' dir='ltr'>Ak.</span> <span class='ocrx_word' id='word_1_285' title='bbox 2731 3532 2927 3586; x_wconf 87' lang='lat' dir='ltr'>Handl.</span> 
     </span>
     <span class='ocr_line' id='line_1_33' title="bbox 606 3615 2927 3690; baseline 0.001 -18"><span class='ocrx_word' id='word_1_286' title='bbox 606 3619 746 3672; x_wconf 89' lang='grc'>1810</span> <span class='ocrx_word' id='word_1_287' title='bbox 778 3636 831 3689; x_wconf 91' lang='lat' dir='ltr'>p.</span> <span class='ocrx_word' id='word_1_288' title='bbox 870 3620 990 3683; x_wconf 84' lang='lat'>155,</span> <span class='ocrx_word' id='word_1_289' title='bbox 1030 3618 1153 3687; x_wconf 83' lang='lat' dir='ltr'>Syn.</span> <span class='ocrx_word' id='word_1_290' title='bbox 1193 3635 1246 3688; x_wconf 89' lang='lat' dir='ltr'>p.</span> <span class='ocrx_word' id='word_1_291' title='bbox 1285 3616 1403 3678; x_wconf 88' lang='grc'>186,</span> <span class='ocrx_word' id='word_1_292' title='bbox 1441 3615 1561 3686; x_wconf 80' lang='lat' dir='ltr'>Nyl.</span> <span class='ocrx_word' id='word_1_293' title='bbox 1601 3618 1761 3689; x_wconf 85' lang='lat' dir='ltr'>Lapp.</span> <span class='ocrx_word' id='word_1_294' title='bbox 1800 3635 1872 3673; x_wconf 84' lang='lat' dir='ltr'>or.</span> <span class='ocrx_word' id='word_1_295' title='bbox 1908 3637 1961 3689; x_wconf 93' lang='lat' dir='ltr'>p.</span> <span class='ocrx_word' id='word_1_296' title='bbox 1998 3620 2117 3673; x_wconf 87' lang='lat'>126.</span> <span class='ocrx_word' id='word_1_297' title='bbox 2160 3651 2223 3660; x_wconf 91' lang='lat'>——-</span> <span class='ocrx_word' id='word_1_298' title='bbox 2259 3620 2575 3674; x_wconf 74' lang='lat' dir='ltr'>Placodium</span> <span class='ocrx_word' id='word_1_299' title='bbox 2601 3620 2760 3674; x_wconf 72' lang='lat' dir='ltr'>Korb.</span> <span class='ocrx_word' id='word_1_300' title='bbox 2786 3620 2927 3690; x_wconf 76' lang='lat' dir='ltr'>Syst.</span> 
     </span>
     <span class='ocr_line' id='line_1_34' title="bbox 605 3701 2570 3776; baseline 0.001 -18"><span class='ocrx_word' id='word_1_301' title='bbox 605 3722 657 3775; x_wconf 90' lang='lat' dir='ltr'>p.</span> <span class='ocrx_word' id='word_1_302' title='bbox 696 3705 814 3769; x_wconf 87' lang='grc'>117,</span> <span class='ocrx_word' id='word_1_303' title='bbox 852 3704 948 3758; x_wconf 81' lang='lat' dir='ltr'>Th.</span> <span class='ocrx_word' id='word_1_304' title='bbox 984 3704 1071 3759; x_wconf 76' lang='lat' dir='ltr'>Fr.</span> <span class='ocrx_word' id='word_1_305' title='bbox 1109 3704 1252 3757; x_wconf 80' lang='lat' dir='ltr'>Aret.</span> <span class='ocrx_word' id='word_1_306' title='bbox 1287 3720 1339 3773; x_wconf 92' lang='lat' dir='ltr'>p.</span> <span class='ocrx_word' id='word_1_307' title='bbox 1379 3701 1466 3757; x_wconf 86' lang='grc'>83.</span> <span class='ocrx_word' id='word_1_308' title='bbox 1510 3735 1566 3744; x_wconf 91' lang='lat'>—-</span> <span class='ocrx_word' id='word_1_309' title='bbox 1609 3704 1935 3774; x_wconf 74' lang='lat' dir='ltr'>Squamaria</span> <span class='ocrx_word' id='word_1_310' title='bbox 1971 3706 2092 3776; x_wconf 77' lang='lat' dir='ltr'>Nyl.</span> <span class='ocrx_word' id='word_1_311' title='bbox 2127 3704 2311 3760; x_wconf 87' lang='lat' dir='ltr'>Scand.</span> <span class='ocrx_word' id='word_1_312' title='bbox 2351 3723 2406 3776; x_wconf 87' lang='lat' dir='ltr'>p.</span> <span class='ocrx_word' id='word_1_313' title='bbox 2449 3706 2570 3759; x_wconf 84' lang='lat'>134.</span> 
     </span>
    </p>

    <p class='ocr_par' dir='ltr' id='par_1_8' title="bbox 749 3788 1958 3862">
     <span class='ocr_line' id='line_1_35' title="bbox 749 3788 1958 3862; baseline 0.001 -17"><span class='ocrx_word' id='word_1_314' title='bbox 749 3791 948 3846; x_wconf 69' lang='lat' dir='ltr'>Le&#39;chen</span> <span class='ocrx_word' id='word_1_315' title='bbox 984 3791 1167 3846; x_wconf 81' lang='lat' dir='ltr'>Hecloe</span> <span class='ocrx_word' id='word_1_316' title='bbox 1202 3788 1375 3845; x_wconf 88' lang='lat' dir='ltr'>Gunn.</span> <span class='ocrx_word' id='word_1_317' title='bbox 1413 3788 1498 3843; x_wconf 87' lang='lat' dir='ltr'>Fl.</span> <span class='ocrx_word' id='word_1_318' title='bbox 1535 3791 1602 3845; x_wconf 87' lang='lat' dir='ltr'>N.</span> <span class='ocrx_word' id='word_1_319' title='bbox 1641 3792 1712 3846; x_wconf 88' lang='lat' dir='ltr'>H.</span> <span class='ocrx_word' id='word_1_320' title='bbox 1748 3809 1801 3862; x_wconf 87' lang='lat' dir='ltr'>p.</span> <span class='ocrx_word' id='word_1_321' title='bbox 1839 3793 1958 3846; x_wconf 82' lang='lat'>131.</span> 
     </span>
    </p>
   </div>
   <div class='ocr_carea' id='block_1_8' title="bbox 747 3855 2928 3949">
    <p class='ocr_par' dir='ltr' id='par_1_9' title="bbox 747 3855 2928 3949">
     <span class='ocr_line' id='line_1_36' title="bbox 747 3855 2928 3949; baseline 0 -17"><span class='ocrx_word' id='word_1_322' title='bbox 747 3877 881 3932; x_wconf 68' lang='lat'>1³:1⁸.</span> <span class='ocrx_word' id='word_1_323' title='bbox 919 3883 977 3933; x_wconf 76' lang='lat' dir='ltr'>et</span> <span class='ocrx_word' id='word_1_324' title='bbox 1011 3879 1148 3948; x_wconf 81' lang='lat' dir='ltr'>Fig.</span> <span class='ocrx_word' id='word_1_325' title='bbox 1187 3876 1266 3931; x_wconf 75' lang='lat' dir='ltr'>m.</span> <span class='ocrx_word' id='word_1_326' title='bbox 1305 3876 1370 3930; x_wconf 88' lang='lat' dir='ltr'>D.</span> <span class='ocrx_word' id='word_1_327' title='bbox 1406 3877 1528 3931; x_wconf 84' lang='lat'>470.</span> <span class='ocrx_word' id='word_1_328' title='bbox 1569 3880 1601 3931; x_wconf 89' lang='lat'>2</span> <span class='ocrx_word' id='word_1_329' title='bbox 1639 3878 1833 3949; x_wconf 75' lang='lat' dir='ltr'>(minus</span> <span class='ocrx_word' id='word_1_330' title='bbox 1867 3879 2039 3946; x_wconf 73' lang='lat' dir='ltr'>bona).</span> <span class='ocrx_word' id='word_1_331' title='bbox 2070 3909 2123 3920; x_wconf 89' lang='lat'>-</span> <span class='ocrx_word' id='word_1_332' title='bbox 2159 3879 2220 3932; x_wconf 87' lang='lat' dir='ltr'>L.</span> <span class='ocrx_word' id='word_1_333' title='bbox 2247 3878 2332 3933; x_wconf 74' lang='lat' dir='ltr'>sn.</span> <span class='ocrx_word' id='word_1_334' title='bbox 2359 3855 2479 3933; x_wconf 74' lang='lat'>361.</span> <span class='ocrx_word' id='word_1_335' title='bbox 2511 3911 2570 3920; x_wconf 86' lang='lat'>-</span> <span class='ocrx_word' id='word_1_336' title='bbox 2598 3879 2697 3933; x_wconf 83' lang='lat' dir='ltr'>Th.</span> <span class='ocrx_word' id='word_1_337' title='bbox 2723 3879 2812 3933; x_wconf 76' lang='lat' dir='ltr'>Fr.</span> <span class='ocrx_word' id='word_1_338' title='bbox 2842 3880 2928 3934; x_wconf 83' lang='lat'>31.</span> 
     </span>
    </p>
   </div>
   <div class='ocr_carea' id='block_1_9' title="bbox 608 3982 2936 4588">
    <p class='ocr_par' dir='ltr' id='par_1_10' title="bbox 608 3982 2936 4588">
     <span class='ocr_line' id='line_1_37' title="bbox 778 3982 2930 4068; baseline 0 -20"><span class='ocrx_word' id='word_1_339' title='bbox 778 3983 875 4049; x_wconf 88' lang='lat' dir='ltr'>Ad</span> <span class='ocrx_word' id='word_1_340' title='bbox 920 4004 1064 4049; x_wconf 83' lang='lat' dir='ltr'>saxa</span> <span class='ocrx_word' id='word_1_341' title='bbox 1107 3984 1377 4049; x_wconf 84' lang='lat' dir='ltr'>micacea</span> <span class='ocrx_word' id='word_1_342' title='bbox 1433 3983 1672 4066; x_wconf 87' lang='lat' dir='ltr'>aliaque</span> <span class='ocrx_word' id='word_1_343' title='bbox 1729 3982 2004 4062; x_wconf 85' lang='lat' dir='ltr'>duriora,</span> <span class='ocrx_word' id='word_1_344' title='bbox 2071 3984 2373 4068; x_wconf 86' lang='lat' dir='ltr'>praecipue</span> <span class='ocrx_word' id='word_1_345' title='bbox 2419 3985 2482 4048; x_wconf 89' lang='lat' dir='ltr'>in</span> <span class='ocrx_word' id='word_1_346' title='bbox 2527 3983 2769 4068; x_wconf 89' lang='lat' dir='ltr'>alpinis.</span> <span class='ocrx_word' id='word_1_347' title='bbox 2856 3985 2930 4048; x_wconf 93' lang='lat' dir='ltr'>In</span> 
     </span>
     <span class='ocr_line' id='line_1_38' title="bbox 612 4085 2931 4171; baseline -0 -18"><span class='ocrx_word' id='word_1_348' title='bbox 612 4086 936 4167; x_wconf 72' lang='lat' dir='ltr'>Norveyia</span> <span class='ocrx_word' id='word_1_349' title='bbox 1001 4086 1216 4151; x_wconf 84' lang='lat' dir='ltr'>multis</span> <span class='ocrx_word' id='word_1_350' title='bbox 1267 4085 1639 4152; x_wconf 82' lang='lat' dir='ltr'>Finmarkiae</span> <span class='ocrx_word' id='word_1_351' title='bbox 1702 4085 2219 4171; x_wconf 85' lang='lat' dir='ltr'>Nordlandiaeque</span> <span class='ocrx_word' id='word_1_352' title='bbox 2285 4087 2437 4151; x_wconf 90' lang='lat' dir='ltr'>locis</span> <span class='ocrx_word' id='word_1_353' title='bbox 2503 4088 2598 4151; x_wconf 86' lang='lat' dir='ltr'>est</span> <span class='ocrx_word' id='word_1_354' title='bbox 2662 4086 2931 4164; x_wconf 83' lang='lat' dir='ltr'>inventa,</span> 
     </span>
     <span class='ocr_line' id='line_1_39' title="bbox 609 4188 2936 4275; baseline 0.001 -22"><span class='ocrx_word' id='word_1_355' title='bbox 609 4189 672 4253; x_wconf 90' lang='lat' dir='ltr'>in</span> <span class='ocrx_word' id='word_1_356' title='bbox 716 4188 959 4272; x_wconf 87' lang='lat' dir='ltr'>alpibus</span> <span class='ocrx_word' id='word_1_357' title='bbox 1013 4189 1454 4265; x_wconf 84' lang='lat' dir='ltr'>Dovrensibus‚</span> <span class='ocrx_word' id='word_1_358' title='bbox 1520 4188 1889 4254; x_wconf 85' lang='lat' dir='ltr'>Romsdalen</span> <span class='ocrx_word' id='word_1_359' title='bbox 1951 4190 2085 4275; x_wconf 84' lang='lat' dir='ltr'>(W.</span> <span class='ocrx_word' id='word_1_360' title='bbox 2134 4188 2453 4274; x_wconf 60' lang='lat' dir='ltr'>Linum),</span> <span class='ocrx_word' id='word_1_361' title='bbox 2502 4190 2823 4257; x_wconf 75' lang='lat' dir='ltr'>Stordalen</span> <span class='ocrx_word' id='word_1_362' title='bbox 2870 4191 2936 4257; x_wconf 89' lang='lat' dir='ltr'>et</span> 
     </span>
     <span class='ocr_line' id='line_1_40' title="bbox 608 4290 2930 4379; baseline 0 -21"><span class='ocrx_word' id='word_1_363' title='bbox 608 4293 769 4358; x_wconf 90' lang='lat' dir='ltr'>Voss</span> <span class='ocrx_word' id='word_1_364' title='bbox 814 4291 1015 4375; x_wconf 90' lang='lat' dir='ltr'>(herb.</span> <span class='ocrx_word' id='word_1_365' title='bbox 1061 4290 1333 4375; x_wconf 86' lang='lat' dir='ltr'>Smrft.&gt;‚-</span> <span class='ocrx_word' id='word_1_366' title='bbox 1379 4291 1456 4356; x_wconf 88' lang='lat' dir='ltr'>ad</span> <span class='ocrx_word' id='word_1_367' title='bbox 1500 4292 1810 4358; x_wconf 87' lang='lat' dir='ltr'>Aalesund</span> <span class='ocrx_word' id='word_1_368' title='bbox 1855 4292 2053 4379; x_wconf 85' lang='lat' dir='ltr'>(ipse)</span> <span class='ocrx_word' id='word_1_369' title='bbox 2110 4296 2174 4359; x_wconf 91' lang='lat' dir='ltr'>et</span> <span class='ocrx_word' id='word_1_370' title='bbox 2222 4290 2660 4377; x_wconf 73' lang='lat' dir='ltr'>Sogneijorden</span> <span class='ocrx_word' id='word_1_371' title='bbox 2704 4291 2802 4378; x_wconf 88' lang='lat' dir='ltr'>(C.</span> <span class='ocrx_word' id='word_1_372' title='bbox 2852 4293 2930 4359; x_wconf 83' lang='lat' dir='ltr'>G.</span> 
     </span>
     <span class='ocr_line' id='line_1_41' title="bbox 608 4393 2929 4479; baseline 0.001 -19"><span class='ocrx_word' id='word_1_373' title='bbox 608 4394 868 4479; x_wconf 83' lang='lat' dir='ltr'>Myrin).</span> <span class='ocrx_word' id='word_1_374' title='bbox 926 4395 997 4458; x_wconf 88' lang='lat' dir='ltr'>In</span> <span class='ocrx_word' id='word_1_375' title='bbox 1039 4394 1356 4478; x_wconf 78' lang='lat' dir='ltr'>Bapponia</span> <span class='ocrx_word' id='word_1_376' title='bbox 1406 4393 1667 4461; x_wconf 75' lang='lat' dir='ltr'>Suecica</span> <span class='ocrx_word' id='word_1_377' title='bbox 1711 4396 1811 4460; x_wconf 82' lang='lat' dir='ltr'>vix</span> <span class='ocrx_word' id='word_1_378' title='bbox 1861 4397 2065 4474; x_wconf 83' lang='lat' dir='ltr'>deest,</span> <span class='ocrx_word' id='word_1_379' title='bbox 2124 4394 2241 4461; x_wconf 91' lang='lat' dir='ltr'>etsi</span> <span class='ocrx_word' id='word_1_380' title='bbox 2286 4395 2554 4461; x_wconf 91' lang='lat' dir='ltr'>nondum</span> <span class='ocrx_word' id='word_1_381' title='bbox 2599 4399 2694 4462; x_wconf 87' lang='lat' dir='ltr'>est</span> <span class='ocrx_word' id='word_1_382' title='bbox 2734 4396 2929 4475; x_wconf 82' lang='lat' dir='ltr'>lecta;</span> 
     </span>
     <span class='ocr_line' id='line_1_42' title="bbox 610 4495 2933 4588; baseline 0 -23"><span class='ocrx_word' id='word_1_383' title='bbox 610 4498 686 4565; x_wconf 84' lang='lat' dir='ltr'>ad</span> <span class='ocrx_word' id='word_1_384' title='bbox 754 4495 1001 4563; x_wconf 74' lang='lat' dir='ltr'>Handol</span> <span class='ocrx_word' id='word_1_385' title='bbox 1067 4496 1109 4563; x_wconf 86' lang='lat' dir='ltr'>J</span> <span class='ocrx_word' id='word_1_386' title='bbox 1114 4497 1464 4564; x_wconf 82' lang='lat' dir='ltr'>emtlandiae</span> <span class='ocrx_word' id='word_1_387' title='bbox 1529 4496 1624 4584; x_wconf 85' lang='lat' dir='ltr'>(S.</span> <span class='ocrx_word' id='word_1_388' title='bbox 1692 4498 2056 4588; x_wconf 83' lang='lat' dir='ltr'>Almqvist).</span> <span class='ocrx_word' id='word_1_389' title='bbox 2127 4500 2201 4565; x_wconf 92' lang='lat' dir='ltr'>In</span> <span class='ocrx_word' id='word_1_390' title='bbox 2268 4497 2610 4581; x_wconf 69' lang='lat' dir='ltr'>Lapponia</span> <span class='ocrx_word' id='word_1_391' title='bbox 2655 4499 2933 4566; x_wconf 74' lang='lat' dir='ltr'>Rossica</span> 
     </span>
    </p>
   </div>
  </div>
 </body>
</html>
