3177 5011
1754 327 1877 393 326

662 480 829 552 (NO3)
875 483 931 536 et
964 480 1157 552 hydras
1191 479 1392 536 kalicus
1428 466 1524 547 (Ϊζ)
1548 477 1691 535 haud
1713 497 1830 534 raro
1854 480 2090 538 infideles
2114 498 2225 537 sese
2250 479 2529 552 praebuere.
2585 479 2789 536 Ceteris
2814 480 2971 551 longe

661 568 997 637 praestantior
1027 573 1109 622 est
1143 568 1334 623 solutio
1364 568 1496 638 joui,
1543 584 1606 622 ea
1651 572 1828 622 tamen
1864 570 2083 632 ratione,
2121 561 2182 623 ut
2218 569 2360 624 illius
2397 586 2493 640 ope
2530 568 2970 633 indicetur‚,num

661 656 885 709 materia
929 656 1223 726 amyloidea
1266 656 1443 726 aliqua
1483 655 1706 709 lichenis
1755 672 1874 725 pars
1931 657 2002 709 sit
2046 655 2230 709 inbuta
2278 672 2456 710 necne.
2538 656 2708 711 Multo
2752 656 2971 711 minoris

663 744 745 805 (et
780 759 913 812 saepe
950 743 1167 813 nullius)
1212 743 1464 797 momenti
1502 746 1583 796 est
1621 742 1806 796 coloris
1837 741 1962 811 jodo
1999 745 2265 812 provocati
2302 744 2397 806 vis,
2436 761 2560 799 num
2598 747 2670 799 sit
2706 744 2974 812 oaeruleus,

661 827 867 885 sordide
916 830 1269 895 caerulescens‚
1316 829 1619 888 violascens,
1670 828 1875 883 sordide
1920 831 2147 893 vinosuS,
2193 829 2382 885 rubens
2418 848 2462 884 e.
2501 849 2538 884 s.
2577 850 2628 903 p.
2666 832 2723 897 ci.
2762 849 2804 886 e.
2847 848 2975 885 num

663 917 886 971 materia
936 917 1228 987 amyloidea
1283 917 1355 970 sit
1408 917 1525 986 plus
1580 916 1752 969 minus
1807 915 1977 970 soluta
2025 917 2107 970 vel
2160 923 2314 987 pura)
2327 939 2341 982 ;
2389 934 2491 987 qna
2534 918 2599 972 de
2636 936 2691 972 re
2730 936 2757 972 e
2798 916 2975 971 studio

663 1003 893 1057 Lecideae
920 1005 1113 1072 fuscae,
1143 1005 1431 1074 quhanoe
1465 1003 1786 1072 aliarumque
1824 1003 1992 1057 multa
2027 1020 2302 1073 possumus
2337 1006 2552 1076 percipi.
2626 1004 2827 1060 Solutio
2859 1004 2978 1073 jodi

663 1089 822 1143 solita
856 1098 928 1160 (p.
969 1091 1024 1160 3)
1060 1094 1116 1144 et
1150 1091 1382 1161 paullulo
1419 1091 1586 1161 magis
1624 1090 1792 1144 diluta
1827 1092 2022 1144 colores
2058 1095 2142 1144 sat
2176 1090 2407 1145 diversos
2444 1093 2498 1146 in
2534 1093 2710 1147 eodem
2751 1092 2975 1163 apothe-

663 1177 742 1229 cio
790 1176 930 1230 haud
978 1194 1093 1231 raro
1137 1180 1436 1248 provocant.
1492 1206 1547 1215 —
1596 1176 1698 1231 Ubi
1734 1195 1856 1232 vero
1892 1177 2084 1231 solutio
2116 1176 2228 1245 jodi
2264 1178 2605 1233 utilissimum
2642 1181 2713 1233 sit
2748 1180 2977 1233 admini-

663 1262 853 1326 culum,
902 1279 1022 1318 mox
1064 1264 1313 1329 invenies,
1360 1264 1406 1317 si
1452 1263 1739 1333 disquirere
1775 1262 1924 1331 velis,
1960 1280 2083 1316 num
2120 1264 2308 1334 hyphae
2345 1264 2661 1321 medullares
2698 1266 2978 1320 materiam

663 1350 1008 1419 amyloideam
1046 1351 1258 1406 foveant
1293 1367 1468 1405 necne.
1525 1350 1694 1404 Notas
1729 1350 1849 1405 inde
1886 1353 2122 1419 sumptas
2158 1355 2467 1420 praestantes
2504 1352 2814 1421 easdemque
2854 1368 2977 1405 con·

663 1441 867 1492 stantes
912 1439 1222 1501 invenimus,
1272 1454 1431 1507 quare
1488 1453 1575 1491 eas
1626 1435 2070 1515 lichenologorum
2115 1437 2290 1491 studio
2342 1439 2489 1493 enixe
2538 1439 2975 1493 commendamus

662 1524 908 1593 Amylum
953 1526 1038 1579 vel
1092 1541 1307 1595 corpora
1350 1524 1399 1577 ei
1444 1523 1628 1577 affinia
1682 1523 1748 1578 ad
1796 1523 2093 1593 plantarum
2141 1523 2352 1579 vivendi
2401 1526 2630 1579 rationes
2674 1525 2803 1579 adeo
2851 1530 2979 1579 sunt

662 1613 969 1676 necessaria,
1008 1616 1069 1667 ut
1103 1628 1281 1668 eorum
1318 1611 1373 1665 in
1407 1611 1582 1680 aliquo
1620 1625 1812 1679 organo
1849 1612 2131 1680 proventus
2168 1610 2252 1664 vel
2288 1610 2527 1666 defectus
2561 1628 2771 1667 necesse
2797 1613 2870 1666 sit
2893 1630 2979 1666 res

662 1698 962 1768 gravissimi
1005 1700 1271 1753 momenti.
1359 1697 1535 1752 Facile
1573 1696 1729 1751 aliter
1764 1713 1875 1751 sese
1914 1697 2074 1752 habet
2109 1713 2208 1761 ree,
2246 1715 2405 1767 quum
2442 1699 2507 1753 de
2541 1701 2700 1755 variis
2738 1700 2978 1754 materiis

663 1784 1035 1853 colorantibuS,
1084 1786 1332 1840 cristallis
1367 1783 1695 1854 anorganicis
1731 1801 1773 1837 e.
1812 1801 1851 1836 s.
1890 1801 1938 1854 p.
1978 1787 2060 1838 est
2096 1786 2327 1853 quaestio,
2404 1786 2484 1840 Ne
2521 1803 2643 1840 vero
2681 1802 2881 1841 errores
2918 1786 2975 1839 in

664 1870 956 1940 hypharum
993 1872 1168 1927 studio
1205 1873 1620 1934 committantur,
1658 1869 1934 1924 nonnullas
1970 1886 2052 1924 res
2088 1870 2368 1925 insidiosas
2406 1873 2642 1927 volumus
2676 1873 2979 1943 indigitare,

664 1974 777 2027 quae
831 1957 1000 2013 virum
1054 1960 1228 2012 minus
1275 1961 1539 2011 attentum
1593 1956 1659 2011 ad
1705 1956 2016 2011 credendum
2062 1956 2318 2012 adducere
2365 1959 2584 2027 possint,
2634 1960 2837 2031 hyphas
2871 1976 2978 2014 non

661 2044 981 2115 amyloideas
1010 2044 1136 2114 jodo
1173 2046 1398 2100 colorem
1435 2043 1852 2099 caerulescentem
1888 2043 2190 2098 obtinuisse.
2263 2043 2454 2109 Quales
2490 2047 2637 2099 sunt:
2676 2050 2731 2109 a)
2769 2045 2976 2114 gonidi-

645 2136 811 2186 ‘orum
849 2132 1175 2196 membranae,
1215 2134 1269 2185 in
1307 2132 1546 2201 plurimis
1581 2130 1907 2186 Lecideacmsss
1937 2130 2061 2200 jodo
2098 2130 2264 2184 dilute
2302 2131 2617 2186 distincteve
2643 2132 2976 2186 caerulescen-

663 2223 745 2273 tes
781 2219 865 2273 vel
901 2220 1262 2281 violascenteS,
1301 2234 1414 2288 quae
1450 2219 1704 2290 praecipue
1742 2236 1914 2272 vacuae
1951 2222 2006 2272 et
2042 2218 2338 2272 dilaceratae
2374 2235 2467 2288 pro
2504 2219 2799 2287 hypharum
2834 2218 2978 2288 frag-

664 2307 865 2375 mentis
892 2311 1110 2377 possunt
1145 2306 1304 2370 sumi;
1345 2307 1401 2371 b)
1438 2306 1669 2375 reliquiae
1705 2305 2097 2375 apotheciorum
2133 2305 2542 2371 destructorum5
2580 2306 2631 2374 c)
2670 2305 2827 2359 initia
2852 2321 2976 2375 apo-

663 2393 955 2449 theciorum
1001 2398 1058 2448 et
1104 2393 1580 2464 spermogoniorum
1627 2391 1819 2460 hyphis
1864 2391 2207 2456 circumdata3
2260 2392 2320 2457 d)
2357 2400 2446 2447 aer
2480 2394 2620 2446 inter
2654 2392 2858 2461 hyphas
2892 2393 2975 2445 in-

661 2479 851 2545 clusns,
902 2480 997 2535 sub
1043 2477 1382 2548 microscopio
1420 2477 1646 2534 colorem
1683 2478 1736 2531 in
1774 2477 2047 2533 caeruleum
2083 2482 2386 2548 vergentem
2426 2479 2690 2534 interdum
2725 2479 2972 2549 praebens.

662 2566 911 2621 Conferas
950 2571 1202 2639 praeterea
1238 2583 1316 2629 ea,
1355 2581 1466 2634 quae
1501 2565 1640 2619 infra
1675 2564 1770 2619 sub
1806 2564 2033 2622 Lecidea
2059 2567 2403 2634 paupercula
2427 2567 2727 2622 et'Buellia
2752 2567 2975 2621 aethatea

664 2654 1097 2793 afferldzltulitiam
1146 2738 1363 2791 nomina
1410 2737 1456 2790 si
1499 2738 1821 2807 respicimuS,
1870 2737 2305 2791 Lecideaceorum
2359 2736 2593 2791 studium
2638 2736 2978 2791 difficultates

662 2826 801 2880 haud
855 2826 1068 2895 exiguas
1115 2822 1324 2892 praebet.
1395 2823 1580 2892 Neque
1625 2827 1708 2877 est
1758 2824 1894 2894 qnod
1940 2825 2207 2891 miremur,
2259 2827 2462 2877 veteres
2496 2826 2732 2877 auctores
2770 2827 2977 2893 proteus

664 2914 757 2967 has
794 2915 1001 2981 plantas
1036 2911 1147 2964 sine
1184 2911 1521 2981 microscopio
1558 2912 1913 2965 examinantes
1947 2911 2236 2965 sententias
2260 2910 2419 2965 falsas
2448 2910 2818 2964 vacillantesve
2844 2927 2976 2980 saepe

663 3000 978 3061 enuntiasse,
1035 2996 1223 3066 quibus
1271 2996 1579 3067 synonymia
1621 2997 1772 3051 valde
1817 2996 2124 3067 perturbata
2168 2996 2310 3050 facta
2358 2997 2445 3050 sit.
2520 2998 2594 3050 At
2642 2997 2805 3051 etiam
2841 2998 2979 3051 inter

663 3085 978 3140 recentiores
1013 3086 1256 3138 auctores
1291 3101 1394 3138 non
1430 3085 1633 3147 desunt,
1682 3084 1772 3154 qui
1809 3086 2021 3138 nomina
2057 3101 2189 3154 saepe
2227 3100 2465 3153 perverse
2501 3083 2784 3138 adhibuere
2820 3087 2980 3153 atque

661 3174 741 3227 ita
793 3172 1155 3241 synonymiam
1207 3172 1369 3225 etiam
1425 3172 1595 3240 magis
1644 3171 1944 3226 intricatam
1999 3170 2181 3225 fecere.
2258 3168 2408 3234 Quod
2461 3171 2716 3240 praecipue
2761 3171 2825 3225 de
2873 3171 2981 3224 illis

667 3259 809 3313 haud
844 3259 1108 3332 immerito
1143 3273 1417 3327 possumus
1453 3258 1782 3322 contendere,
1821 3260 1910 3329 qui
1948 3259 2003 3312 in
2038 3258 2145 3311 fere
2179 3272 2485 3326 unoquoque
2516 3273 2651 3311 novo
2675 3274 2828 3328 opere
2854 3274 2979 3328 opu·

663 3346 870 3400 sculove
916 3360 1075 3397 novas
1111 3346 1398 3399 sententias
1433 3346 1827 3416 proposuerunt,
1865 3361 1999 3398 nunc
2037 3343 2390 3397 dissimillima
2426 3344 2536 3397 sine
2562 3343 2862 3398 discrimine
2888 3362 2979 3398 cu·

665 3434 942 3493 mulantes,
993 3446 1130 3484 nunc
1175 3432 1554 3486 simillima.0b
1600 3429 1924 3484 differentias
1968 3430 2260 3484 levissimas
2297 3428 2631 3499 sejungentes
2667 3431 2981 3501 insuperque

664 3520 884 3573 aliorum
923 3518 1120 3587 scripta
1157 3519 1312 3572 nimis
1347 3517 1690 3588 negligentes.
1763 3517 1891 3571 Inde
1928 3518 2119 3580 evenit,
2158 3520 2219 3569 nt
2254 3517 2508 3585 praecipue
2545 3517 2599 3570 in
2637 3516 2980 3573 Leoideaceos

663 3606 940 3659 transferri
984 3603 1186 3673 possint
1233 3604 1391 3658 verba
1425 3603 1517 3657 illa
1553 3608 1755 3659 vetera:
1796 3604 2197 3674 ''Lichenologia
2232 3604 2315 3656 est
2351 3602 2499 3672 quasi
2538 3604 2723 3657 civitas
2759 3605 2977 3659 institu-

662 3693 893 3746 tionibus
928 3690 1132 3753 obruta,
1171 3691 1320 3759 cnjus
1355 3690 1658 3745 reformatio
1694 3691 1974 3754 difficilior,
2014 3707 2168 3760 quam
2206 3705 2350 3742 novae
2374 3689 2740 3742 constructio.”
2800 3689 2979 3760 Certe,

662 3779 705 3832 si
745 3779 1103 3847 synonymiam
1139 3778 1562 3849 neglexissemuS,
1591 3778 1677 3832 hic
1712 3779 1843 3832 liber
1872 3779 1984 3847 jam
2020 3782 2142 3831 ante
2179 3793 2371 3830 annum
2396 3776 2452 3829 in
2477 3776 2648 3831 lucem
2675 3777 2977 3846 prodiisset.

667 3895 728 3904 —-
767 3867 1024 3919 Auctor-es
1071 3865 1292 3934 denique
1338 3881 1498 3933 quum
1541 3865 1832 3927 attulimuS,
1873 3866 1963 3934 qui
2001 3865 2155 3935 primi
2191 3864 2401 3918 nomina
2435 3863 2678 3933 generica
2711 3868 2769 3918 et
2803 3866 2974 3933 speci-

661 3952 760 4005 fica
795 3952 948 4006 modo
986 3969 1017 4006 a
1052 3952 1202 4006 nobis
1237 3954 1451 4021 accepto
1488 3950 1862 4019 conjunxerint.
1900 3949 2035 4004 forte
2071 3951 2330 4004 interdum
2365 3950 2725 4004 erraverimus.
2785 3949 2838 4002 Si
2872 3951 2969 4011 ita,

661 4039 899 4108 ignoscat
934 4038 1215 4093 benevolus
1250 4038 1429 4093 lector.
1500 4037 1682 4090 Libros
1719 4036 2161 4107 lichenologorum
2198 4036 2480 4108 diligenter
2517 4036 2729 4106 quidem
2764 4037 2975 4106 pervol-

660 4127 847 4191 vimus,
887 4127 978 4181 sed
1014 4127 1124 4180 haec
1160 4143 1242 4181 res
1279 4125 1623 4179 attentionem
1661 4121 1816 4175 facile
1852 4120 2006 4192 fugit.

1339 4282 1439 4346 25.
1533 4278 2054 4345 SPHYRIDIUM
2118 4285 2273 4345 Flot.

745 4415 1002 4482 Thallus
1057 4420 1424 4493 crustaceuS,
1479 4417 1800 4483 uniformis
1856 4436 1910 4480 v.
1956 4418 2344 4499 effiguratus;
2404 4415 2726 4498 apothecia
2771 4417 2970 4482 bia-to-

659 4521 831 4597 rina,
892 4520 1161 4604 (adulta)
1218 4523 1525 4603 stv‘pitata,
1592 4518 1983 4603 pileiformia,
2052 4520 2326 4603 margine
2384 4519 2604 4584 denum
2667 4520 2968 4600 revoluto,

1144 4689 1176 4726 0

3113 4573 3116 4664 l

3113 4667 3116 4754 ἲ
