3177 5011
1649 334 1801 419 ‚26

582 483 830 570 fomis
882 485 961 552 ad
1016 503 1162 552 saxa
1214 503 1528 571 saepesque
1583 484 1901 571 frequens,
1958 487 2028 553 ut
2082 488 2272 554 etiam
2330 505 2513 572 supra
2553 505 2800 553 muscos
2844 486 2929 552 li-

603 590 941 675 chenesque
986 590 1049 654 in
1094 590 1339 675 alpibus
1384 593 1568 674 atque
1613 592 1748 655 tum
1790 590 1954 655 haud
1997 610 2135 656 raro
2180 591 2375 657 thallo
2406 592 2665 676 praedita
2694 592 2928 677 passim

602 694 968 770 incrassato,
1026 692 1809 769 scrobiculato-foveolato,
1877 693 2055 759 valde
2119 695 2406 759 intricate
2479 695 2772 780 (analogo
2838 696 2929 761 Α.

602 798 829 863 ochrol.
887 801 945 882 β.
1002 799 1427 883 cincinnatoe).
1478 836 1558 846 —-
1607 797 1752 862 Var.
1813 818 1867 876 γ.
1923 796 2181 880 denique
2238 797 2396 861 inter
2441 818 2685 863 muscos
2729 799 2928 864 liche-

601 920 827 985 nesque
892 900 1139 985 rupium
1205 918 1685 986 camporumque
1760 899 2120 986 alpestrium
2188 900 2585 967 Nordlandiae
2651 904 2928 988 (Blytt),

599 1002 971 1068 Finmarkiae
1027 1002 1346 1087 utriusque
1404 1006 1588 1087 atque
1659 1004 1893 1088 alpium
1958 1004 2367 1070 Dovrensium
2429 1006 2626 1091 (ipse)
2682 1009 2931 1092 parcius

602 1104 800 1170 obvia.
850 1142 927 1152 —
974 1106 1238 1171 Fructus
1294 1106 1494 1171 rarius
1548 1107 1729 1172 modo
1776 1106 1930 1182 edit;
1988 1126 2185 1193 neque
2230 1109 2774 1193 chalybevformem
2815 1129 2933 1176 nec

605 1208 944 1272 nitidulam
988 1208 1141 1301 illis¹
1174 1210 1419 1274 ornatas
1463 1228 1758 1294 umquam
1812 1210 2098 1276 vidimus.
2189 1210 2419 1278 Ceterae
2475 1213 2688 1279 formae
2740 1234 2937 1280 unum

602 1310 983 1396 altemmque
1030 1312 1419 1396 apothecium
1464 1314 1841 1396 proferentes
1887 1315 2196 1381 nonnullis
2240 1317 2392 1382 locis
2440 1319 2529 1404 (v.
2564 1337 2616 1383 c.
2651 1319 2933 1384 Risatter

605 1415 1075 1481 Wermlandiae:
1122 1416 1194 1480 Ρ.
1242 1414 1308 1481 C.
1355 1415 1660 1491 Afzelius;
1708 1437 1838 1501 par.
1887 1418 2037 1483 Foss
2082 1419 2366 1485 Bahusiae
2411 1425 2474 1486 et
2517 1422 2687 1486 Beda
2737 1410 2931 1487 Olan-

604 1517 753 1581 diae:
801 1518 886 1582 M.
933 1517 1262 1594 Floderu83
1313 1540 1405 1604 pr.
1448 1518 1801 1584 Gevaliam:
1849 1520 1951 1584 hb.
2001 1521 2245 1596 Stenh.;
2304 1523 2382 1587 ad
2427 1523 2777 1607 Upsaliam3
2830 1525 2931 1588 in-

602 1621 699 1685 ter
744 1619 1127 1706 Glissjoberg
1170 1624 1233 1687 et
1260 1623 1489 1708 Ransj6
1521 1622 1922 1707 Herjedaliae:
1957 1623 2118 1707 ipse;
2152 1625 2216 1689 in
2244 1625 2628 1691 Finmarkia:
2661 1627 2933 1710 Wnbg.)

600 1727 743 1789 sunt
800 1724 1091 1802 inventae3
1152 1726 1393 1812 copiose
1459 1726 1641 1791 modo
1697 1727 1761 1791 in
1817 1725 2280 1808 Bogstadaasen
2337 1749 2428 1812 pr.
2489 1727 2936 1795 Christianiam

601 1827 800 1914 (ipse)
845 1831 909 1893 et
952 1828 1111 1896 inter
1157 1830 1389 1915 Storsjo
1434 1830 1497 1893 et
1539 1828 1761 1894 Losset
1801 1815 2166 1894 Osterdaliae
2207 1830 2567 1918 (Hellbom)
2613 1833 2777 1898 lecta
2837 1835 2937 1899 est

601 1935 660 2016 β.
698 1932 995 2014 implexa.

742 2068 967 2133 Habitu,
1022 2065 1386 2137 magnitudine
1401 2106 1415 2130 ‚
1471 2066 1740 2122 crescendi
1791 2065 1948 2121 modo
2001 2067 2153 2123 valde
2208 2070 2430 2124 varians.
2503 2070 2626 2125 Var.
2653 2093 2698 2144 y.
2713 2111 2727 2133 ,
2763 2073 2938 2143 primo

601 2156 790 2210 obtutu
835 2155 901 2209 ab
947 2156 1017 2210 A.
1054 2155 1278 2210 bicolore
1321 2170 1424 2208 non
1461 2153 1741 2208 admodum
1779 2153 2090 2218 abhorrens,
2130 2156 2270 2210 altit.
2318 2157 2353 2210 4
2397 2174 2497 2211 cm.
2551 2159 2636 2212 vix
2685 2163 2934 2231 superat,

593 2244 821 2313 prolixa
873 2259 995 2298 vero
1040 2241 1179 2296 haud
1222 2257 1337 2295 raro
1385 2257 1551 2311 usque
1598 2239 1664 2293 ad
1709 2238 1741 2313 ξ
1779 2244 1929 2295 metr.
1967 2242 2050 2295 vel
2087 2243 2226 2297 ultra
2262 2244 2419 2314 longa
2454 2245 2647 2299 evadit.
2693 2278 2748 2286 —
2792 2248 2937 2318 Apo-

600 2331 777 2385 thecia
813 2330 969 2384 diam.
1005 2329 1251 2391 0‚6-1,5
1292 2346 1415 2382 mm.
1455 2327 1592 2390 lata,
1631 2327 1872 2397 geniculo
1909 2327 2065 2384 thalli
2102 2330 2294 2393 adfixa,
2339 2332 2566 2401 primum
2608 2332 2940 2402 planiuscula

602 2418 924 2487 marginata,
975 2414 1096 2469 dein
1149 2431 1378 2470 convexa
1429 2415 1822 2485 immarginata.
1895 2415 2019 2469 Asci
2070 2422 2294 2487 anguste
2341 2418 2561 2485 clavati3
2609 2437 2773 2490 sporae
2812 2421 2937 2474 sub-

602 2504 944 2576 ellipsoiden,
982 2505 1247 2568 Quos-s
1284 2519 1407 2556 mm.
1445 2500 1615 2572 longre
1650 2507 1707 2557 et
1740 2503 1998 2566 Qum—⁵
2037 2521 2160 2559 mm.
2198 2522 2399 2560 crassae.

743 2592 962 2646 Formas
1006 2591 1107 2645 huc
1154 2589 1374 2652 telam,
1412 2589 1573 2644 variis
1610 2589 1913 2661 corporibus
1949 2590 2198 2646 chemicis
2235 2594 2282 2647 si
2318 2593 2660 2655 misceantur,
2701 2591 2940 2647 diversas

603 2679 853 2733 materias
889 2678 1182 2732 colorantes
1216 2676 1366 2739 dare,
1393 2676 1503 2745 jam
1533 2676 1805 2747 Westring
1833 2677 1974 2746 (Vet.
2013 2678 2108 2731 Ak.
2149 2679 2334 2733 Handl.
2375 2681 2511 2733 1797
2549 2698 2598 2750 p.
2638 2680 2937 2743 181-191,

602 2765 832 2836 Farglaf.
892 2784 941 2836 p.
999 2764 1101 2818 183
1155 2765 1211 2817 et
1264 2764 1431 2832 sequ.)
1489 2762 1886 2818 demonstravit.
1977 2762 2324 2829 Quamobrem
2372 2767 2510 2836 (loco
2557 2768 2753 2838 priore)
2809 2766 2942 2820 duas

604 2854 846 2909 distinxit
891 2852 1116 2923 species:
1168 2850 1317 2905 Lich.
1355 2850 1609 2917 ,iubatum
1645 2855 1700 2905 et
1744 2851 1812 2906 L.
1850 2851 2330 2922 chalybenfovwaem,
2371 2871 2590 2923 quarum
2626 2854 2719 2908 illa
2755 2858 2940 2907 nostra

606 2944 689 2995 est
721 2945 776 3011 β.
814 2940 1078 3009 implexa,
1116 2938 1225 2993 haec
1262 2941 1443 2992 nostra
1491 2959 1543 2991 α.
1575 2940 1820 3009 probino.
1889 2938 1993 2992 Illa
2038 2957 2220 3010 sapore
2265 2940 2591 3004 dulcamen,
2637 2941 2778 2995 calce
2818 2945 2940 2996 usta

606 3030 653 3083 si
696 3028 948 3082 miscetur
993 3029 1050 3081 et
1092 3042 1229 3094 aqua
1274 3024 1396 3081 dein
1444 3025 1864 3096 superfunditur,
1915 3042 2033 3079 mox
2079 3043 2260 3082 crocea
2313 3028 2520 3091 evadit3
2578 3027 2712 3087 haec.
2752 3045 2938 3098 sapore

608 3115 777 3185 magis
811 3131 1014 3176 amara,
1053 3112 1237 3167 eodem
1273 3113 1427 3167 modo
1473 3116 1732 3176 tractata,
1780 3115 1843 3169 fit
1887 3114 2600 3184 nigricanti-cinereovirenS.
2672 3114 2852 3168 Etiam
2891 3103 2939 3169 K

608 3201 849 3255 adhibito
885 3201 1090 3255 diverso
1125 3198 1281 3252 modo
1318 3199 1397 3252 hae
1434 3199 1613 3253 formae
1649 3217 1762 3254 sese
1797 3200 2010 3255 habent.

748 3286 1070 3341 Observante
1118 3287 1257 3340 enim
1304 3284 1410 3340 Cel.
1462 3286 1731 3356 Nylander
1776 3288 1955 3358 (Flora
2002 3286 2140 3340 1869
2177 3304 2228 3356 p.
2269 3286 2422 3356 444),
2461 3303 2597 3341 nunc
2633 3286 2835 3341 thallus
2873 3302 2936 3340 eo

607 3389 710 3427 non
746 3376 985 3427 mutatur
1019 3372 1093 3442 (K
1113 3373 1235 3442 τε),
1275 3388 1411 3425 nunc
1448 3375 1675 3428 stratum
1711 3375 1957 3428 corticale
1993 3373 2209 3428 latescit
2244 3373 2328 3426 vel
2365 3376 2541 3443 potius
2575 3375 2690 3445 ipsa
2723 3372 2941 3443 guttula

606 3460 848 3531 hydr-atis
883 3459 1042 3513 kalici
1078 3459 1222 3513 luteo
1258 3460 1486 3529 tingitur
1524 3458 1693 3513 colore
1732 3460 1803 3527 (K
1824 3461 1912 3530 τις).
1989 3458 2154 3525 Quam
2193 3461 2256 3515 ob
2306 3477 2539 3514 caussam
2578 3459 2709 3513 duas
2744 3459 2939 3513 distin·

606 3549 725 3618 gnit
762 3547 988 3617 species:
1046 3547 1102 3616 1)
1148 3546 1218 3599 A.
1256 3546 1713 3616 chalybezformem
1750 3562 1866 3600 cum
1903 3562 2010 3599 var.
2055 3547 2278 3600 lunesto-i
2319 3547 2378 3617 (i.
2416 3563 2462 3601 e.
2502 3550 2681 3600 nostra
2718 3566 2770 3599 α.
2805 3562 2939 3614 pro-

610 3635 726 3689 lixa
773 3638 831 3689 et
878 3634 1338 3704 ‘malybeisormis
1381 3632 1447 3686 ab
1495 3633 1592 3687 hac
1627 3651 1811 3704 pamm
1848 3633 2140 3703 recedens),
2194 3634 2342 3703 cujus
2386 3633 2583 3687 thallus
2629 3636 2712 3686 est
2755 3632 2807 3686 Κ
2829 3655 2937 3697 =:‚

607 3726 664 3776 et
701 3723 756 3792 2)
793 3722 864 3775 A.
890 3721 1143 3787 jubatam
1178 3719 1466 3790 (adjunctis
1502 3736 1638 3773 varr.
1669 3720 1983 3788 prolixa‘),
2018 3738 2188 3788 cana,
2212 3721 2493 3789 capillari,
2517 3721 2744 3788 setacea)
2768 3719 2940 3774 thallo

586 3809 659 3863 ‘K
679 3813 724 3862 :k
780 3810 839 3876 (i.
876 3825 922 3863 e.
960 3812 1142 3862 nostra
1176 3811 1231 3877 β.
1268 3808 1547 3876 implexa).
1623 3807 1744 3860 Var.
1793 3807 2030 3859 m'tidula
2073 3807 2235 3862 etiam
2284 3806 2445 3861 habet
2490 3805 2719 3860 thallum
2766 3807 2937 3860 ΚΞ.

610 3897 878 3950 Hactenus
915 3897 1049 3951 hanc
1085 3895 1440 3950 differentiam
1477 3898 1562 3948 sat
1597 3897 1927 3948 constantem
1964 3893 2289 3958 invenimus;
2345 3893 2413 3948 ad
2458 3893 2656 3962 species
2692 3910 2941 3963 separan-

610 3981 704 4036 das
752 3983 835 4036 vix
880 3987 1059 4037 tamen
1107 3981 1436 4037 crederemus
1483 3985 1663 4052 aptam
1707 3981 1825 4050 (cfr.
1862 3980 2001 4035 infra
2048 3980 2143 4034 sub
2189 3980 2494 4048 Cladom'a).
2566 3979 2942 4034 Adnotandum

611 4086 814 4139 quoque
851 4074 959 4132 est,
999 4071 1220 4124 formam
1257 4085 1449 4123 canam
1486 4068 1644 4135 vulgo
1681 4067 1891 4136 quidem
1927 4052 1976 4121 Κ
2011 4066 2178 4136 tingi,
2218 4065 2310 4121 sed
2345 4065 2525 4120 adesse
2564 4084 2767 4136 quoque
2791 4067 2943 4122 nulla

613 4159 827 4211 externa
863 4161 989 4209 nota
1025 4156 1324 4210 differentia
1360 4155 1671 4225 specimina,
1712 4172 1824 4223 quae
1861 4155 2077 4208 minime
2115 4153 2282 4207 colore
2322 4155 2616 4216 mutentur3
2657 4153 2833 4222 qualia
2859 4154 2940 4207 vi-

614 4242 785 4297 dimus
822 4259 849 4296 e
887 4242 1017 4296 Foss
1052 4242 1296 4296 Bahusiae
1333 4242 1427 4312 (Μ.
1468 4239 1744 4310 Floderus)
1781 4243 1939 4310 atque
1979 4241 2032 4293 in
2069 4240 2212 4294 herb.
2245 4240 2431 4293 A·.har.
2462 4271 2511 4277 —-
2540 4238 2733 4293 Omnes
2757 4241 2940 4295 formae

753 4432 804 4502 ⁶)
839 4431 917 4484 Ex
952 4431 1099 4486 herb.
1138 4430 1268 4485 Ach.
1306 4430 1510 4485 abunde
1545 4447 1668 4485 vero
1704 4432 1878 4502 patet,
1907 4430 2188 4500 proliaeam
2221 4427 2287 4483 ad
2313 4427 2508 4483 formas
2543 4429 2681 4483 K=
2715 4446 2828 4484 esse
2857 4448 2940 4485 re-

613 4517 898 4575 ferendam.
