3177 5011
1696 282 1777 351 92

743 437 840 504 Ad
906 440 1138 506 terram
1206 439 1421 516 udam,
1478 439 1784 523 praecipue
1830 460 2013 526 supra
2060 459 2203 506 saxa
2247 460 2549 527 rupesque
2596 443 2659 509 in
2705 443 2896 509 silva-

573 541 741 621 ficis,
808 543 1110 610 fructibus
1168 542 1352 627 vulgo
1408 546 1642 609 ornata.
1735 542 1958 609 Forma
2003 565 2063 609 α.
2111 543 2237 611 late
2282 549 2378 611 est
2422 547 2785 613 distributa:
2833 549 2905 619 in«

576 643 805 711 Dania
849 649 1092 714 tantum
1139 666 1327 732 prope
1375 645 1562 712 Soroe
1609 645 1975 731 Sjaellandiae
2018 647 2179 714 lecta
2223 648 2316 735 (J.
2365 650 2574 735 Lange
2621 670 2739 716 sec.
2787 652 2896 717 Br.

572 753 636 816 et
677 750 949 835 Rostr.);
1011 752 1080 816 in·
1142 749 1369 816 Suecv'a
1420 769 1455 814 a
1511 748 1871 815 Smolsudis
1925 751 2201 836 (Femsjo
2246 753 2399 839 cet.)
2443 772 2554 839 per
2597 753 2897 837 Ostrogo-

572 853 768 918 thiam
815 854 1014 939 (Ydre
1055 856 1211 918 cet:
1260 851 1541 936 Stenb.)‚
1573 852 2105 936 Westrogothiam
2137 855 2516 940 (Kallungaz
2564 856 2897 942 Hulting)‚

572 955 997 1021 Dalslandiam
1065 954 1161 1041 (in
1228 953 1445 1020 insulis
1505 953 1678 1020 lacus
1741 942 2001 1021 erven:
2047 955 2109 1022 J.
2159 957 2490 1045 Hulting),
2557 959 2896 1026 Bahusiam

575 1057 1125 1144 (Skuleviksberg‚
1159 1057 1530 1124 Svinesund:
1558 1057 1642 1122 M.
1672 1056 2021 1146 moderas),
2048 1062 2364 1128 Nericiam
2390 1060 2660 1149 (pl.loc.:
2685 1061 2897 1128 Hellb.

573 1164 636 1227 et
678 1160 989 1248 Blomb.),
1057 1160 1426 1248 Uplandiam
1470 1161 1821 1247 (passim)‚·
1876 1162 2256 1250 Lapponiam
2310 1166 2635 1232 Lulensem
2667 1166 2897 1251 (pluri-

572 1264 687 1330 bus
752 1264 934 1331 locis:
1001 1265 1243 1349 Hellb.)
1312 1267 1375 1331 et
1440 1266 1816 1332 Tomensem
1883 1266 2286 1351 (Enontekisz
2354 1267 2414 1332 N
2418 1268 2643 1352 orrlin)
2690 1269 2898 1335 obser-

571 1371 733 1434 vata.
822 1370 894 1434 In
945 1368 1269 1451 Norveqia
1319 1370 1449 1434 visa
1496 1387 1533 1432 a
1574 1370 1855 1452 partibus
1899 1370 2402 1436 meridionalibus
2459 1371 2896 1456 (Christianiaz

572 1473 747 1557 Moe)
804 1492 915 1557 per
957 1470 1560 1538 Gudbrandsdaliam
1606 1471 1897 1558 alpesque
1942 1474 2288 1540 Dovrenses
2335 1474 2533 1560 (ipse)
2582 1477 2647 1542 in
2689 1476 2897 1543 Nord-

571 1577 782 1643 landia
854 1573 1350 1659 Finmarkiaque.
1441 1574 1515 1640 Iu
1581 1576 1833 1642 Fenm'a
1899 1577 2191 1665 denique,
2258 1578 2363 1643 ubi
2410 1578 2682 1645 lichenes
2749 1582 2897 1645 sunt

575 1678 969 1763 investigati,
1016 1677 1240 1762 ubique
1288 1678 1534 1743 inventa
1577 1670 1771 1763 usque
1817 1679 1880 1746 in
1925 1680 2239 1766 Lapponia
2282 1681 2577 1747 Kemensi
2609 1683 2897 1749 Rossica-

574 1803 709 1867 que.
738 1820 816 1830 —-
864 1782 1010 1846 Var.
1059 1783 1118 1864 β.
1166 1798 1336 1856 rara,
1382 1779 1678 1847 hactenus
1718 1782 1901 1849 modo
1947 1785 2196 1849 inventa
2241 1784 2341 1848 ”in
2384 1774 2681 1851 lateribus
2719 1804 2898 1851 mon-

573 1887 732 1951 tium
797 1884 1142 1968 inferalpfn.
1189 1884 1302 1949 sub
1346 1884 1509 1968 pinis
1573 1887 1638 1952 in
1691 1884 2005 1952 Saltdalen
2076 1887 2135 1954 N
2142 1886 2475 1953 ordlandiae
2551 1888 2898 1954 rarissime?

469 2052 482 2061 „
575 1987 887 2074 (Smrft.)‚
956 1987 1031 2052 ad
1092 1987 1357 2053 Namsos
1425 1988 1603 2054 distr.
1649 1989 2104 2055 Nidarosiensis
2151 1991 2254 2075 (A.
2302 1989 2364 2055 J.
2407 1988 2792 2074 Malmgren)
2837 1992 2902 2055 et

572 2091 889 2175 Ringeboe
956 2088 1508 2157 Gulbrandsdaliae
1574 2091 1893 2178 (Smrft.)‚
1969 2082 2234 2179 Osterby
2297 2092 2621 2177 Uplandiae
2678 2091 2772 2178 (J.
2819 2092 2896 2158 G.

574 2195 864 2279 (Hasna),
910 2211 1021 2259 nec
1066 2213 1186 2260 non
1229 2196 1292 2260 in
1337 2195 1777 2261 Tavastlandia
1821 2197 2077 2282 (Kaitas
2123 2198 2187 2263 et
2227 2197 2443 2262 Evois·
2491 2195 2699 2260 Norrl.
2748 2215 2796 2261 s.
2833 2216 2893 2261 n.

575 2298 714 2364 ”OE
754 2299 1043 2382 pityreff
1050 2297 1100 2381 ).

637 2446 638 2451 1
712 2417 860 2472 Bona
894 2417 1119 2487 species,
1155 2416 1226 2472 ab
1261 2417 1485 2473 Aebutio
1520 2420 1656 2473 miro
1708 2418 1864 2473 modo
1898 2419 2203 2490 prutenus·
2238 2418 2326 2473 vel
2361 2430 2480 2472 cum
2513 2417 2597 2473 Cl-
2628 2419 2901 2489 pyra-adata

574 2510 631 2561 et
663 2521 948 2576 sqtcamosa
982 2507 1281 2562 commixta·
1321 2538 1382 2548 —-
1422 2505 1778 2578 Speciminum
1812 2507 2069 2564 fertilium
2104 2508 2317 2578 podetia
2352 2504 2511 2576 vulgo
2547 2507 2809 2577 simplicia
2845 2525 2895 2561 v.

572 2593 875 2663 parcissime
929 2610 1157 2657 ramosa,
1212 2593 1476 2648 sterilium
1530 2593 1649 2664 plus
1691 2595 1864 2648 minus
1900 2593 2095 2656 divisa,
2133 2593 2272 2664 apud
2309 2613 2363 2645 α.
2411 2594 2627 2657 2,.ἰ-5,
2666 2593 2806 2666 apud
2837 2598 2896 2664 β.

574 2680 713 2732 1-3
749 2696 845 2734 cm.
883 2680 1011 2734 alta.
1085 2673 1447 2749 Phylloclsdia
1496 2680 1700 2735 basalia
1753 2684 1989 2743 creante..
2045 2680 2256 2750 glauca,
2313 2678 2498 2733 subtus
2543 2679 2664 2734 alba
2700 2696 2747 2732 v.
2784 2680 2899 2734 basi

573 2766 913 2837 nigricantia3
953 2768 1033 2821 ita
1066 2783 1270 2837 quoque
1307 2767 1572 2822 interdum
1610 2767 1841 2838 podetia.
1891 2766 2182 2837 Apothecia
2219 2767 2325 2822 fere
2363 2783 2567 2837 semper
2603 2766 2896 2830 difformia;

573 2857 746 2908 totum
783 2853 1036 2925 scyphum
1090 2856 1329 2924 tegentia
1381 2860 1437 2909 et
1489 2858 1670 2910 centro
1722 2852 1988 2909 interdum
2041 2857 2196 2908 aetate
2241 2849 2454 2925 dirupta
2486 2856 2739 2925 scyphum
2779 2871 2897 2925 per·

573 2941 716 2996 vium
753 2943 1095 2997 mentiuntur.
1145 2974 1207 2982 —
1244 2942 1428 3013 Neque
1463 2921 1528 2997 Κ
1548 2959 1645 2998 nec
1682 2928 1830 2997 Cael
1865 2940 2034 2996 colore
2069 2945 2320 2995 mutatur.

715 3044 828 3099 obs.
901 3044 1001 3112 Qui
1039 3045 1138 3100 soli
1174 3045 1351 3101 formae
1390 3067 1445 3099 α.
1485 3064 1675 3102 nomen
1710 3047 2035 3102 docortnbatae
2078 3045 2267 3100 tribuit
2321 3049 2377 3100 et
2409 3051 2467 3116 β.
2506 3044 2575 3099 sd
2604 3045 2897 3115 pityream.

573 3148 605 3185 a
641 3148 745 3201 qua
779 3136 921 3186 certe
946 3137 1027 3186 est
1045 3132 1278 3198 diversa,
1300 3151 1418 3188 eam
1451 3133 1641 3199 refert,
1671 3131 1761 3188 ille
1786 3137 2102 3205 praeceptum
2130 3131 2263 3188 illud
2287 3131 2483 3186 oblitus
2510 3135 2593 3186 est
2612 3132 2898 3203 optimum:

577 3218 786 3272 ”sensus
813 3221 1120 3288 primarius
1153 3224 1238 3273 est
1274 3219 1586 3275 servandus”
1627 3220 1763 3283 sive,
1802 3223 1864 3273 ut
1899 3218 2058 3274 verba
2094 3219 2142 3273 N
2145 3219 2483 3289 ylanderiana
2520 3219 2662 3288 (Syn.
2688 3237 2741 3289 p.
2771 3219 2914 3288 357),

574 3306 1044 3361 transscribamus:
1086 3306 1385 3377 ”perperam
1419 3306 1718 3362 nominibus
1753 3310 2023 3361 auctorum
2061 3322 2243 3361 sensus
2279 3305 2534 3360 tribuitur
2570 3305 2705 3359 alius
2741 3320 2899 3374 quam

545 3393 819 3464 -primitus
855 3393 921 3447 ab
957 3393 1088 3465 ipsis
1122 3393 1323 3449 datus?

1123 3624 1223 3686 19.
1317 3626 1427 3685 CL.
1472 3626 1805 3688 TURGIDA
1853 3626 2090 3697 (Ehrh.)
2134 3626 2359 3700 Hoffm,

748 3779 1010 3844 Podetis
1054 3779 1596 3862 inflato-tumida,
1643 3777 2283 3863 elongato-turbinata
2312 3797 2368 3844 v.
2402 3777 2768 3862 cylindris-a.
2802 3778 2896 3842 in-

577 3882 868 3948 distincte
927 3882 1273 3965 soyphifera
1318 3881 1447 3966 (vel
1491 3880 1698 3965 spurie
1747 3881 2407 3967 infundibuliformia)‚
2452 3879 2899 3965 prolificatione

575 3989 817 4051 tantum
863 3985 1491 4068 fastigium-ramosa,
1537 4003 1851 4049 ramorum
1898 3984 2176 4069 apicibus
2221 3984 2635 4049 substellatim
2680 3985 2897 4067 paten-

574 4089 742 4155 tibus
786 4091 851 4153 et
894 4087 1204 4153 fertilibus
1261 4086 1504 4152 demum
1566 4088 1864 4170 cymosis,
1935 4087 2588 4170 laeviqato-corticata‚
2648 4086 2898 4169 glauce-

579 4193 813 4259 scentia
857 4211 912 4255 v.
967 4191 1196 4274 pallide
1242 4191 1640 4265 virescentiaz
1675 4189 2087 4273 phyllocladia
2128 4190 2334 4254 omnia
2363 4189 2601 4254 basalia
2634 4211 2897 4270 mamea,

560 4296 877 4380 foliae-ea,
947 4296 1190 4370 tenuia,
1260 4294 1610 4369 suberecta,
1677 4292 1844 4358 varie
1913 4293 2111 4357 divisa
2177 4294 2577 4376 crenataque,
2646 4293 2897 4374 glauco-

576 4399 800 4462 viridia
865 4418 920 4462 v.
976 4396 1213 4473 albida,
1282 4396 1498 4461 subtus
1566 4397 1736 4473 alba3
1806 4396 2128 4480 apothecis,
2170 4396 2795 4461 carneo-rufescentia
2842 4415 2896 4460 v,

574 4500 990 4585 pallescentis.
