3177 5011
1250 328 1374 395 325

815 488 1004 564 Fam.
1058 486 1170 562 VI.
1276 485 1816 564 LECIDEAOEI.

323 660 585 727 Thallus
630 661 996 733 crustaceus,
1043 640 1387 741 depressus,
1420 659 1647 743 hyphis
1671 657 2123 722 medullaribus
2147 658 2466 723 substrato

126 764 435 849 affixus;
482 763 801 847 apothecia
846 762 1039 827 thallo
1087 781 1205 825 non
1247 762 1608 845 marginata,
1652 761 1835 825 nulla
1874 759 2138 843 yonidia
2153 759 2465 843 foventia.

287 884 375 938 Ad
425 882 830 945 Decumo-accos,
886 884 947 935 ut
990 880 1209 949 jamjam
1254 881 1615 944 iudicavimus,
1662 879 1865 934 accedit
1900 879 2009 933 11ωο
2043 876 2264 946 familia,
2300 896 2467 948 neque

123 971 246 1025 alia
287 977 423 1023 nota
457 968 763 1023 distinctiva
807 967 1134 1022 admittenda
1182 968 1331 1020 nobis
1374 967 1599 1029 videtur,
1651 983 1805 1036 quam
1841 965 2054 1035 gonidia
2088 966 2142 1019 in
2178 966 2469 1036 apotheciis

123 1057 434 1126 praesentia
481 1054 801 1110 absentiave.
876 1053 1054 1107 Etiam
1100 1056 1232 1108 hanc
1281 1053 1546 1109 interdum
1594 1070 1704 1107 esse
1754 1054 1992 1107 fallacem
2030 1053 2143 1123 jam
2188 1071 2344 1123 supra
2386 1056 2469 1107 est

123 1143 444 1197 indicatum
502 1152 573 1201 (v,
624 1157 667 1193 c.
712 1157 830 1209 pag.
883 1141 1001 1203 185,
1055 1143 1173 1204 205,
1226 1143 1327 1194 207
1373 1144 1521 1205 cet.);
1578 1139 1729 1210 plura
1772 1139 2028 1208 ejusmodi
2064 1138 2298 1209 exempla
2332 1140 2469 1193 infra

126 1231 404 1284 invenies.
460 1229 564 1283 Ubi
600 1227 910 1281 collocandae
948 1230 1055 1281 sint
1089 1230 1290 1298 species
1324 1227 1617 1298 apotheciis
1653 1230 1880 1281 crustam
1906 1228 2232 1295 aequantibus
2256 1229 2468 1281 immer-

128 1316 290 1369 sisu-e
338 1315 570 1385 praeditae
615 1320 684 1383 (v.
732 1331 775 1367 0.
821 1315 1099 1369 Lecanora
1128 1316 1461 1385 peliobotrya
1497 1317 1551 1369 et
1578 1315 1819 1383 phaeopa,
1864 1312 2092 1368 Lecidea
2126 1316 2465 1378 consentaens,

129 1403 309 1456 vatiae
346 1401 577 1455 Buellz‘ae
613 1405 759 1467 cet.),
799 1418 934 1471 saepe
972 1403 1056 1455 est
1090 1403 1299 1456 omnino
1335 1402 1689 1456 arbitrarium.
1726 1430 1793 1443 —
1830 1398 1903 1452 Ut
1938 1399 2070 1454 alias
2104 1403 2271 1465 notas,
2311 1418 2467 1455 unam

127 1487 440 1541 alteramve
487 1488 713 1556 speciem
750 1506 778 1543 e
814 1488 1144 1543 Lecideaceas
1189 1489 1537 1552 excludenteS,
1586 1502 1974 1555 nonnumquam
2009 1486 2237 1541 vidimus
2270 1487 2466 1540 indica·

132 1578 266 1629 tum
307 1574 575 1628 ”habitum
613 1575 995 1629 lecanorinum”
1041 1576 1104 1644 (i.
1141 1593 1182 1631 0.
1222 1576 1512 1646 marginem
1550 1573 1892 1627 accessorium
1928 1572 2012 1627 vel
2048 1574 2290 1643 vestigiis
2326 1573 2467 1627 thal·-

132 1662 277 1715 linis
329 1662 579 1723 velatum,
625 1661 852 1731 gonidiis
904 1665 1083 1716 tamen
1129 1663 1313 1728 nullis)
1370 1662 1454 1717 vel
1505 1662 1667 1716 etiam
1713 1660 2192 1730 spermogoniorum
2237 1661 2467 1715 indolem

135 1749 659 1820 spermatiorumque
707 1748 928 1802 formam
973 1749 1300 1806 acicularem.
1372 1748 1570 1815 Quibus
1614 1763 1736 1800 vero
1782 1747 1993 1816 organis
2030 1747 2074 1801 si
2111 1751 2289 1802 votnm
2326 1747 2466 1802 deei-

135 1836 323 1889 sivum
363 1834 699 1899 tribueretur,
748 1851 937 1906 magna
981 1852 1103 1890 sane
1147 1836 1582 1891 Lecideaceorum
1619 1833 1802 1888 cohors
1838 1832 1904 1886 ad
1938 1832 2332 1889 Lecanoraceos
2367 1834 2466 1888 im·

135 1922 344 1976 merito
382 1921 700 1990 rejiceretur.

1047 2083 1138 2146 A.
1232 2079 1576 2144 Buelliei.

618 2213 955 2298 Apothecia
997 2214 1358 2288 rotundam,
1405 2215 1611 2280 discus
1651 2231 1989 2295 expansus,

293 2334 345 2386 1.
419 2333 522 2387 Per
570 2332 700 2387 duas
743 2333 827 2387 vel
875 2335 983 2387 tres
1026 2334 1195 2387 tribus
1238 2351 1371 2405 saepe
1417 2334 1799 2406 dispertiuntur
1834 2348 2025 2403 genera
2060 2332 2110 2386 h.
2149 2331 2183 2384 1.
2223 2332 2277 2384 in
2313 2346 2469 2385 unam

144 2420 384 2475 redacta.
457 2420 603 2475 Inter
659 2437 789 2489 quas
834 2420 1130 2489 Boeomycci
1169 2419 1460 2489 apotheciis
1509 2422 1706 2475 adultis
1752 2420 2011 2491 stipitatis
2053 2418 2339 2488 habituque
2385 2420 2470 2472 sat

143 2509 404 2578 peculiari
442 2509 700 2572 eminent3
751 2509 922 2562 minus
965 2508 1199 2577 insignes
1236 2510 1358 2560 sunt
1394 2508 1581 2564 Psoi-ei
1615 2513 1791 2563 crusta
1828 2507 2158 2577 squamulosa
2193 2523 2226 2559 a
2260 2505 2465 2569 ceteris,

145 2612 372 2664 quorum
420 2596 698 2665 apothecia
743 2611 846 2647 non
890 2597 1013 2648 sunt
1057 2592 1318 2662 stipitata,
1367 2595 1670 2649 recedentes
1705 2599 1863 2664 atque
1912 2596 1968 2648 in
2015 2594 2110 2647 hos
2147 2594 2258 2646 sine
2294 2592 2466 2645 limite

146 2682 618 2752 transgredientes,
693 2682 1023 2752 Boeomyceos
1057 2685 1234 2734 tamen
1268 2698 1372 2734 non
1410 2683 1627 2736 seorsim
1663 2682 2041 2752 proposuimus,
2068 2696 2227 2750 quum
2252 2681 2467 2734 minime

147 2770 329 2823 desint
364 2769 456 2822 alii
493 2768 724 2822 lichenes
761 2769 1051 2838 apotheciis
1088 2768 1348 2837 stipitatis
1382 2769 1631 2824 instructi
1667 2779 1770 2830 (ex.
1804 2786 1882 2839 gr.
1914 2768 2249 2836 Stereopeztzzs
2277 2766 2467 2828 DNtm,

147 2856 502 2924 Helocarpon
538 2855 634 2907 Th.
671 2855 756 2907 Fr.
796 2860 942 2920 cet),
981 2855 1069 2923 qui
1106 2854 1209 2906 nisi
1244 2853 1414 2908 invita
1437 2859 1625 2909 natura
1649 2856 1714 2909 ab
1738 2855 1983 2909 affinibus
2006 2859 2270 2924 nequeant
2294 2871 2468 2922 segre-

149 2944 282 3011 gari.
357 2943 537 3011 Neque
575 2941 850 3010 quisquam
888 2942 1131 3011 stipitata
1167 2939 1370 2994 calicia
1399 2943 1453 2994 et
1484 2942 1688 2996 sessilia
1723 2942 1975 3013 Cyphelia
2010 2941 2077 2995 ad
2113 2942 2344 2995 diversas
2371 2941 2469 2993 tri-

151 3030 253 3082 bus
289 3029 476 3083 ducere
513 3045 669 3082 ausus
705 3031 800 3081 est.

296 3136 344 3185 2.
416 3134 658 3188 Studium
708 3132 970 3185 lichenum
1019 3128 1085 3182 ad
1130 3129 1262 3182 hanc
1298 3129 1495 3182 tribum
1531 3131 1908 3199 pertinentium
1945 3132 2128 3186 multis
2164 3132 2471 3201 magnisque

151 3219 558 3272 difficultatibus
595 3222 678 3272 est
713 3217 1005 3272 obnoxium.
1079 3215 1228 3281 Quod
1267 3217 1428 3270 ctiam
1465 3215 1529 3270 de
1562 3234 1741 3272 eorum
1783 3219 1839 3270 in
1869 3233 2067 3286 ymera
2101 3217 2471 3272 distributione

147 3307 271 3376 jure
308 3306 413 3359 dici
449 3309 639 3376 potest.
695 3304 795 3371 Qui
830 3303 1044 3374 gordius
1080 3303 1244 3357 nodus
1281 3320 1382 3356 non
1413 3302 1636 3357 solvitur
1662 3303 1753 3357 sed
1778 3302 2105 3367 discinditur,
2133 3304 2177 3356 si
2202 3302 2472 3374 speciebus

156 3394 420 3463 stipitatis
467 3393 825 3462 Baeomyceti-S,
871 3391 1060 3444 ceteris
1109 3389 1346 3444 omnibus
1392 3390 1629 3444 Lecideae
1676 3407 1861 3444 nomen
1907 3391 2214 3453 tribuimus;
2262 3389 2471 3443 omnino

155 3479 340 3536 eadem
387 3485 504 3534 tum
550 3482 717 3535 restat
760 3477 1060 3538 difficultas,
1098 3494 1256 3546 quum
1293 3477 1361 3531 ad
1396 3478 1752 3530 vastissimum
1789 3476 1873 3531 vel
1908 3477 2083 3546 potius
2117 3476 2337 3531 informe
2377 3478 2472 3531 hoc

156 3551 325 3638 genus
361 3568 418 3621 in
454 3567 742 3636 subgenera
779 3563 1137 3632 sectionesque
1176 3563 1514 3618 dividendum
1538 3562 1910 3632 progredimur.
1971 3562 2201 3632 Ingenue
2228 3563 2470 3628 fatemur,

158 3656 377 3708 minime
414 3654 589 3707 omnia
623 3652 987 3706 Ruellieorum
1024 3667 1217 3719 genera
1252 3651 1306 3704 in
1342 3652 1440 3705 1100
1477 3648 1723 3721 opusculo
1759 3651 1968 3719 recepta
2003 3650 2152 3703 nobis
2190 3650 2354 3705 videri
2379 3670 2471 3706 na-

159 3746 293 3794 turae
329 3743 677 3794 consentanea
712 3740 796 3793 vel
829 3737 1062 3793 definitis
1097 3737 1357 3791 limitibus
1381 3740 1482 3792 rite
1509 3734 1915 3805 circumscripta.
1962 3736 2188 3790 Mediam
2216 3737 2473 3793 voluimus

158 3826 366 3897 ingredi
413 3827 590 3888 viam,
617 3827 773 3880 nimis
821 3842 915 3878 nec
965 3824 1354 3878 accumulantes
1400 3841 1566 3892 neque
1602 3820 1928 3876 divellentes.
1999 3822 2260 3881 Ulteriore
2299 3827 2472 3882 studio

161 3930 287 3968 sane
325 3913 495 3967 adhuc
531 3929 660 3983 opus
696 3916 794 3975 est,
832 3915 892 3965 ut
929 3912 1207 3965 veritatem
1240 3909 1580 3963 inveniamus.

304 4019 350 4070 3.
425 4017 487 4070 In
529 4016 789 4085 speciebus
835 4013 993 4083 hujus
1037 4014 1248 4068 familiae
1293 4014 1649 4068 examinandis
1698 4013 1891 4067 multos
1930 4013 2040 4082 jam
2096 4015 2472 4069 consumsimus

160 4122 342 4159 annos,
419 4103 544 4167 Quae
581 4105 633 4155 in
670 4103 766 4156 hoc
802 4101 1053 4170 opusculo
1089 4102 1436 4166 enuntiamus,
1464 4100 1672 4155 assiduo
1698 4100 1872 4154 studio
1898 4100 2261 4154 collectionum
2284 4103 2473 4155 vastis-

162 4194 412 4246 simarum
449 4191 702 4244 nitunt-ur.
759 4179 804 4241 E
838 4187 1115 4257 permultis
1152 4190 1422 4258 speciebus
1459 4190 1634 4259 plures
1672 4188 2013 4257 speciminum
2048 4189 2312 4241 centurias
2347 4206 2475 4243 una-

161 4296 368 4349 quaque
416 4278 615 4330 ratione
666 4275 1047 4344 (microscopio,
1095 4277 1379 4345 reagentiis
1424 4293 1466 4329 e.
1514 4293 1553 4328 s.
1604 4281 1681 4344 p)
1739 4279 1977 4328 accurate
2027 4275 2475 4343 investigavimus,

164 4367 274 4433 Quo
302 4366 477 4420 labore
504 4365 758 4435 occupati,
800 4367 1005 4416 nostras
1031 4362 1094 4415 de
1121 4363 1398 4430 reayentizls
1421 4361 1657 4414 chemicis
1676 4361 1785 4430 jam
1811 4377 1965 4430 supra
1989 4378 2257 4431 expressas
2283 4369 2355 4431 (p.
2376 4363 2474 4428 ΙΙΙ,

165 4454 231 4508 58
268 4457 324 4507 et
358 4460 529 4521 sequ.)
567 4452 836 4521 opiniones
874 4448 1083 4503 omnino
1116 4449 1359 4519 probatas
1383 4449 1690 4501 invenimus.
1746 4448 1969 4501 Maxime
1994 4447 2302 4502 vacillantes
2328 4453 2477 4503 notas

162 4541 553 4614 hypochlorites
598 4526 819 4593 calc'icus
865 4521 1057 4607 (Cael)
1111 4537 1252 4589 visus
1298 4537 1381 4587 est
1430 4533 1570 4600 dare,
1631 4536 1719 4591 sed
1767 4534 1928 4587 etiam
1976 4532 2182 4587 acidum
2229 4535 2477 4589 uitricum

2275 4619 2342 4671 22
