3177 5011
1828 268 1910 333 82

862 446 915 507 γ.
957 427 1290 512 hybrida
1333 425 1635 512 (Hoffm.)
1703 426 1965 492 Schaer.:
2035 425 2284 511 podetia
2347 422 2598 502 valida,
2653 420 3022 499 subinflatn,

692 534 763 596 in
806 531 1070 615 scyphos
1114 530 1298 613 vulyo
1342 530 1646 596 dilatatos
1689 535 1746 594 et
1787 531 2074 612 maryine
2092 528 2447 612 prolefhros
2478 528 2803 605 abeuntia,
2836 545 3024 610 parce

690 654 950 701 ramosa.

829 772 968 842 Syn.
1042 772 1311 825 Cladonaea
1345 771 1569 842 hybnda
1610 769 1801 824 Hoffm.
1840 769 1907 823 D.
1944 768 2027 823 Fl.
2065 768 2133 822 ΙΙ.
2171 770 2358 839 (1795)
2402 789 2454 841 p.
2495 772 2596 824 119
2632 774 2705 842 (p.
2743 772 2840 840 p..)

831 860 1110 928 Cenmnyoe
1138 858 1361 928 yrun-ilis
1394 863 1450 929 β.
1490 857 1719 927 hybrida
1775 855 1900 909 Aeh.
1939 854 2061 925 Syn.
2100 873 2151 925 p.
2190 857 2291 910 262
2329 858 2481 926 (excl.
2519 859 2610 926 c..)
2656 888 2712 897 —
2755 857 3023 911 Cladonia

693 945 880 999 Schoer.
934 945 1072 1015 Spic.
1111 945 1296 1014 (1823)
1331 962 1380 1015 Ρ.
1422 945 1514 1007 32,
1571 944 1663 997 F.r
1700 942 1762 996 L.
1801 942 1862 996 Ε.
1900 960 1953 1013 Ρ.
1993 943 2120 1003 219,
2184 943 2342 998 Κόὼ.
2379 944 2517 1015 Syst.
2556 962 2605 1015 Ρ.
2644 946 2737 1008 18,
2794 944 2891 997 Th.
2929 944 3020 999 Fr.

695 1034 836 1086 Arct.
872 1048 925 1102 p.
965 1032 1069 1085 150
1103 1031 1174 1101 (Ρ.
1211 1038 1304 1101 Ρ..)

835 1119 1135 1188 Boeomyoes
1164 1120 1385 1188 ymetus
1419 1124 1475 1189 ῤ.
1515 1117 1822 1171 turbinata-s
1855 1115 2043 1186 Wnbg.
2081 1115 2229 1171 Suec.
2266 1134 2319 1186 p.
2359 1117 2480 1170 885.

831 1206 965 1260 Exs.
1037 1206 1220 1260 Smrft.
1262 1208 1346 1260 75.
1391 1236 1448 1244 -
1490 1203 1671 1259 Stenh.
1710 1204 1829 1257 188.

863 1349 919 1411 δ.
966 1348 1292 1416 cornuta
1335 1346 1471 1430 (L.)
1518 1345 1776 1411 Schaer.:
1849 1344 2097 1429 podetia
2156 1345 2477 1428 elongata,
2532 1342 2719 1426 vulgo
2766 1345 3023 1406 cornuta

696 1469 952 1534 raroque
997 1448 1244 1534 scyphis
1291 1449 1572 1530 angustis
1617 1449 1978 1526 terminata,
2010 1451 2187 1529 apice
2202 1448 2650 1529 pulverulenta-
2667 1495 2681 1524 ‚
2708 1451 3022 1528 praeterea

697 1554 1336 1636 Iaeviyato-corticata.

834 1691 975 1760 Syn.
1048 1690 1245 1743 Ia'chen
1289 1696 1543 1743 cornutus
1596 1688 1747 1743 Linn.
1785 1689 1930 1760 Spec.
1970 1687 2044 1760 pl.
2083 1688 2267 1758 (1753)
2304 1704 2352 1758 Ρ.
2391 1686 2553 1748 1152,
2611 1683 2741 1738 Suec
2794 1702 2847 1754 p.
2887 1686 3019 1747 422,

693 1778 825 1833 Ach.
863 1776 1048 1832 Prodr.
1088 1795 1137 1847 Ρ.
1176 1776 1297 1829 192.
1341 1808 1402 1814 -
1443 1775 1723 1846 Cenomyce
1756 1775 1842 1830 Fr.
1881 1775 2069 1830 Sched.
2110 1776 2229 1831 crit.
2266 1792 2315 1844 p.
2355 1775 2440 1827 23.

831 1864 1113 1933 Coeomyce
1138 1862 1422 1932 fimbriata
1455 1863 1509 1916 h.
1545 1870 1771 1918 cornuta
1807 1862 1939 1918 Ach.
1962 1860 2096 1931 Syn.
2134 1881 2184 1933 p.
2224 1862 2324 1915 257
2362 1862 2438 1931 (p.
2477 1861 2571 1932 p.).

832 1951 1131 2021 Baeomyces
1165 1957 1423 2005 emutus
1456 1949 1650 2020 Wnbg.
1688 1948 1835 2004 Suec.
1871 1967 1922 2019 p.
1959 1950 2080 2003 886.
2126 1980 2180 1989 -
2226 1948 2493 2003 Cladom'a
2530 1946 2615 2001 Fr.
2641 1945 2703 2000 L.
2724 1947 2785 2001 Ε.
2815 1965 2865 2017 p.
2888 1948 3017 2008 225,

697 2038 858 2093 Κὸὡ.
897 2037 1033 2107 Syst.
1071 2055 1123 2108 p.
1161 2039 1254 2098 25,
1292 2036 1392 2091 Th.
1430 2037 1519 2092 Fr.
1557 2039 1706 2093 Aret.
1742 2054 1794 2107 p.
1834 2038 1965 2099 150,
2003 2036 2125 2107 Nyl.
2163 2034 2349 2090 Scand.
2388 2053 2440 2106 p.
2480 2036 2565 2088 52.

833 2124 1113 2194 Cenomyce
1146 2126 1436 2179 ooniocraea
1471 2122 1655 2178 Smrft.
1692 2122 1872 2194 Suppl.
1911 2142 1962 2195 p.
2002 2124 2102 2177 131
2141 2123 2298 2192 (max.
2338 2121 2514 2192 part).

832 2212 1099 2267 Cladonia
1129 2212 1353 2281 grac-ilis
1389 2227 1499 2267 var.
1537 2217 1763 2267 cornuta
1801 2210 1991 2266 Schaer.
2030 2209 2210 2282 Suppl.
2247 2208 2433 2278 (1836)
2469 2226 2519 2279 Ρ.
2542 2208 2669 2267 372,
2708 2202 3016 2275 Ny1.Lapp.

695 2317 768 2353 or.
808 2317 856 2369 p.
899 2298 1019 2354 109.

836 2386 970 2441 Exs.
1045 2385 1106 2439 L.
1145 2385 1231 2440 Su.
1268 2386 1389 2440 116.
1430 2415 1477 2424 -
1530 2382 1714 2436 Steuh.
1754 2380 1872 2435 191.

865 2529 1034 2594 Inter
1079 2526 1542 2610 vulgatissimos
1586 2523 1855 2590 lichenes
1920 2525 2374 2591 scandinavicos
2423 2527 2518 2590 est
2561 2523 2889 2601 censenda,
2921 2522 3016 2589 in-

696 2631 968 2696 numeris
1021 2629 1235 2696 formis
1289 2627 1417 2693 fere
1463 2628 1687 2712 ubique
1724 2647 2023 2693 crescens,
2074 2627 2375 2712 Vulgares
2418 2628 2724 2711 praecipue
2769 2630 2912 2691 sunt
2954 2648 3016 2691 α.

692 2735 846 2801 locis
891 2734 1093 2817 magis
1139 2731 1364 2816 apricis
1410 2733 1474 2797 et
1519 2752 1572 2810 γ.
1623 2730 1687 2793 in
1731 2728 2034 2796 silvaticis
2080 2731 2158 2797 ad
2205 2733 2467 2809 terram,
2514 2733 2763 2795 truncos
2808 2731 3017 2813 putre,-

692 2838 931 2901 scentes
999 2854 1301 2919 rupesque
1368 2853 1704 2900 muscosas.
1805 2832 1951 2896 Var.
1999 2836 2059 2915 β.
2097 2834 2267 2918 alpes
2311 2833 2619 2917 praecipue
2664 2834 2861 2909 amat,
2910 2833 3013 2898 ubi

691 2940 884 3021 largis
921 2939 1114 3022 copiis
1159 2939 1365 3003 vastos
1410 2938 1570 3020 tegit
1605 2956 1882 3021 camp0s3
1929 2938 2115 3003 etiam
2160 2925 2436 3003 Olandiae
2478 2954 2727 3023 campos
2772 2937 3015 3006 steriles

689 3062 810 3108 non
856 3042 1037 3127 fugit.
1129 3042 1272 3106 Var.
1318 3041 1377 3106 δ.
1423 3039 1577 3105 locis
1624 3041 1932 3125 sylvarum
1980 3041 2215 3106 adustis
2260 3041 2567 3125 praecipue
2614 3041 2886 3106 invenire
2931 3041 3012 3107 li-

694 3151 908 3210 cet.-—
935 3145 1199 3210 Fructus
1244 3143 1406 3227 apud
1451 3146 1509 3226 β.
1559 3144 1624 3207 et
1665 3143 1722 3207 δ.
1767 3144 1924 3221 rari,
1971 3145 2130 3228 apud
2176 3146 2410 3209 ceteras
2456 3147 2552 3209 sat
2594 3143 2965 3229 frequentes.

825 3280 1077 3335 variandi
1130 3278 1441 3335 facultatem
1497 3281 1783 3336 varietates
1826 3281 2001 3337 allate
2052 3282 2315 3347 indicant,
2370 3281 2435 3337 de
2480 3299 2585 3352 qua
2617 3300 2675 3338 re
2710 3284 2861 3354 plura
2894 3302 3013 3340 mox

684 3367 987 3430 afferemus,
1044 3366 1110 3421 de
1165 3367 1355 3422 ceteris
1409 3367 1592 3421 formis
1635 3368 1946 3423 Acharianis
1983 3369 2142 3425 verba
2184 3369 2454 3424 facientes.
2530 3369 2724 3425 Omnes
2759 3375 3013 3456 praeterea

687 3453 869 3508 formis
922 3452 1253 3509 intermediis
1304 3457 1702 3509 connectuntur.
1746 3487 1808 3495 ——
1847 3455 2092 3511 Plurimoe
2146 3473 2313 3527 neque
2367 3459 2418 3514 Κ
2451 3473 2619 3527 neque
2655 3444 2805 3514 Cac'l
2839 3461 3009 3515 colore

687 3542 983 3605 ωιιῒιιήιιη
1005 3543 1214 3595 tantum
1233 3541 1510 3595 varietatis
1528 3546 1586 3612 β
1612 3544 1900 3615 specimina
1923 3545 2259 3601 inveniuntur
2278 3548 2558 3618 (precipue
2595 3547 2648 3601 in
2685 3547 2876 3619 alpinis
2895 3565 2942 3601 v.
2964 3565 3009 3603 c.

686 3625 916 3696 Lappon.
956 3627 1172 3681 tossica:
1210 3626 1401 3681 Fellm.
1429 3631 1486 3683 et
1509 3628 1861 3685 Nordlandia:
1899 3631 2111 3695 Nom..
2132 3632 2225 3686 sed
2260 3633 2422 3687 etiarn
2450 3635 2506 3687 in
2530 3627 3008 3691 Gudbrandsdalia:

686 3712 866 3767 Norm.
888 3714 1029 3768 etad
1049 3713 1258 3783 Femsj6
1276 3713 1609 3785 Smolandiae)
1629 3703 1679 3771 K
1702 3716 1818 3787 plus
1842 3719 2016 3774 minus
2040 3719 2289 3774 distincte
2315 3720 2474 3775 flavo·
2477 3722 2672 3784 tincta,
2695 3739 2807 3792 quae
2844 3700 3012 3792 igitur

684 3799 892 3869 aNyl.
930 3800 1115 3872 (Lapp.
1135 3818 1206 3855 or.
1228 3818 1280 3871 p.
1301 3801 1427 3870 176)
1445 3807 1500 3857 et
1518 3801 1729 3880 Leight.
1766 3804 1845 3859 01.
1871 3822 2144 3877 ecmocyna
2178 3809 2530 3863 nominantur.
2604 3810 2674 3863 At
2708 3810 2868 3863 etiam
2907 3810 3007 3865 hac

685 3887 885 3941 ratione
940 3887 1072 3941 nulli
1126 3887 1463 3943 inveniuntur
1516 3891 1651 3944 certi
1686 3891 1902 3947 limites.
1946 3923 2007 3935 -·
2048 3893 2422 3966 ”Cephalodiff
2459 3896 2923 3950 fuscescenti-rufa
2960 3915 3008 3953 v.

683 3972 892 4028 demum
934 3974 1451 4044 fusco-nigricantis,
1507 3978 2113 4050 maulaio-corrugata,
2149 3982 2203 4035 in
2239 3982 2470 4052 podetiis
2506 3999 2687 4053 sparsa
2721 3982 2799 4045 (in
2837 3987 3009 4054 speci·

683 4061 810 4114 min.
849 4077 878 4114 e
916 4058 1084 4114 Tveta
1116 4060 1620 4117 Sudermanlundiae:
1658 4063 1718 4118 C.
1757 4065 1819 4120 P.
1857 4065 2197 4136 Laudine),
2236 4068 2381 4122 intus
2417 4086 2446 4123 e
2482 4069 2766 4124 filamentis
2801 4070 3007 4125 densis-

681 4147 812 4201 sime
849 4163 904 4200 se
940 4147 1164 4203 invicem
1200 4148 1465 4203 intricatis
1500 4153 1845 4223 connexisque
1880 4156 2146 4218 constant3
2185 4155 2331 4210 nulla
2364 4155 2557 4211 adsunt
2591 4155 2817 4228 gonidia.

820 4234 934 4289 obs.
1008 4233 1423 4290 ”varietatibus”
1460 4237 1620 4291 nimis
1655 4238 1874 4294 discissa
1907 4239 2012 4294 fuit
2047 4242 2155 4295 haec
2190 4243 2409 4313 species.
2456 4242 2579 4309 Quae
2615 4260 2646 4297 a
2680 4244 3008 4299 nostratibus

678 4320 918 4376 admissae
972 4320 1209 4383 suerunt,
1267 4322 1346 4375 hae
1388 4328 1535 4377 sunt:
1585 4325 1654 4394 A)
1688 4326 1754 4380 ad
1793 4347 1846 4378 α.
1886 4327 2185 4384 dun-dalem
2223 4331 2572 4401 pertinentes:
2606 4329 2829 4398 yraoilnls
2866 4332 3000 4385 Ach.

677 4408 801 4477 Syn.
836 4426 887 4478 Ρ.
929 4408 1026 4461 261
1068 4407 1212 4477 (Cen.
1247 4416 1474 4463 cornuta
1509 4428 1559 4464 a.
1598 4413 1835 4468 cordatus
1869 4413 2024 4469 Univ.
2059 4433 2111 4487 p.
2149 4418 2252 4470 545
2288 4435 2341 4488 Ρ.
2363 4437 2415 4489 Ρ.
2455 4416 2706 4488 [podetiis
2738 4416 2918 4490 nudis]
2947 4422 3005 4474 et

674 4493 733 4552 0.
769 4509 1044 4566 oemocyna
1078 4515 1128 4567 y.
1162 4497 1386 4568 yracfln's
1437 4498 1568 4555 Ach.
1611 4498 1766 4556 Univ.
1803 4519 1857 4575 p.
1897 4504 2049 4576 550),
2103 4504 2243 4559 inter
2296 4506 2443 4576 cujus
2487 4504 2773 4576 specimina
2816 4505 2873 4559 in
2911 4506 3003 4562 hb.
