3177 5011
1635 329 1761 397 370

675 479 864 556 Crusta
911 482 1068 552 vulgo
1115 482 1312 547 tenuiS,
1368 483 1537 538 rarius
1581 484 1710 541 locis
1746 485 1976 542 humidis
2012 485 2272 542 umbrosis
2308 487 2393 546 sat
2428 502 2604 542 crassa
2640 490 2698 541 et
2733 489 2850 542 tum

531 584 921 638 nonnumquam
975 586 1003 623 e
1058 570 1293 639 granulis
1339 570 1743 640 conglomeratis
1780 579 2036 629 contexta.
2110 574 2402 645 Apothecia
2439 576 2687 641 0,5—-1,2
2727 585 2852 628 mm.

532 654 670 719 lata,
728 673 861 726 saepe
916 656 1305 725 conglomerata
1355 674 1401 711 v.
1457 658 2155 726 tuberculato-confluentia,
2212 659 2477 716 interdum
2533 660 2742 715 demum
2796 663 2853 716 in

532 743 795 798 rufescens
832 761 878 796 v.
918 743 1235 799 rufofusoum
1274 744 1534 800 abeuntia.
1606 747 1914 818 Excipulum
1951 750 2309 805 incoloratum.
2368 748 2701 818 Paraphyses
2727 765 2852 802 con-

530 839 713 893 cretae,
769 834 895 884 totoe
947 829 1245 884 incoloratae
1298 847 1344 882 v.
1393 831 1710 889 dilutissime
1759 835 1990 899 luteolae,
2046 836 2309 906 epithecio
2345 834 2488 890 nullo
2526 852 2574 888 v.
2610 835 2848 905 paullum

530 916 836 972 lutesccnte.
919 916 1041 969 Asci
1076 921 1299 986 anguste
1338 918 1546 974 clavati.
1622 927 1794 991 Sporae
1831 923 2056 991 primum
2095 922 2385 992 simplices,
2437 920 2557 974 dein
2595 921 2722 990 dy,
2759 921 2851 976 ‹le-

533 1020 675 1058 mum
734 1002 1084 1077 tetra-blastus¹
1140 1005 1424 1062 (rarissime
1471 1024 1575 1061 una
1620 1009 1851 1063 alterave
1905 1009 2138 1064 6·blasta
2181 1008 2467 1073 immixta),
2508 1008 2851 1078 ellipsoideae,

529 1090 764 1159 oblongae
817 1107 861 1144 v.
918 1091 1450 1162 elongato-oblongis,
1500 1096 1745 1166 utrinque
1792 1097 1989 1151 obtusae
2026 1114 2071 1153 v,
2113 1094 2509 1158 obtusiusculae‚
2546 1095 2847 1158 O,ol2——24

531 1193 652 1230 mm.
691 1177 858 1246 longae
896 1179 951 1231 et
985 1178 1244 1240 0‚004—-6
1284 1194 1404 1232 mm.
1445 1197 1642 1235 crassae.
1700 1182 1834 1236 Jodo
1871 1184 2074 1237 intense
2104 1184 2281 1237 vinoso
2306 1177 2481 1245 iubet,
2522 1179 2849 1252 praecedente

531 1263 794 1318 interdum
844 1264 1232 1318 caerulescentia
1276 1264 1541 1320 levissima
1576 1268 2029 1340 fugacissimaque.
2104 1256 2152 1324 K
2187 1269 2273 1324 vel
2308 1267 2427 1340 ΝΟ,
2464 1285 2567 1322 non
2604 1269 2851 1338 tingitur.

672 1349 784 1405 obs.
828 1350 870 1404 1.
944 1351 1052 1405 Sec.
1093 1352 1234 1407 herb.
1272 1353 1459 1406 Achar.
1497 1354 1794 1408 nominibus
1831 1373 1987 1425 supra
2020 1357 2198 1411 allatis
2234 1356 2325 1410 ille
2350 1356 2608 1424 praecipuc
2635 1355 2849 1424 quidem

530 1438 760 1507 respexit
810 1437 944 1490 hanc
995 1438 1259 1508 plantam,
1315 1438 1407 1493 sed
1457 1440 1710 1494 immixta}
1757 1441 1947 1498 adsunt
1990 1445 2271 1498 Lecanora
2308 1442 2463 1496 varia
2498 1441 2531 1474 ⁴*
2548 1444 2852 1511 symvnicta,

528 1525 819 1578 Biatorina
871 1527 1184 1594 emsffioides
1235 1529 1291 1580 et
1337 1526 1580 1581 Bac-idiote
1623 1529 1901 1583 inundatoe
1942 1528 2110 1583 forma
2145 1528 2437 1599 apotheciis
2471 1528 2849 1597 pallidioribus.

534 1641 597 1650 —-
635 1611 754 1665 Lec.
792 1612 1113 1679 sphoeroicles
1140 1613 1193 1681 f.
1223 1614 1514 1681 peralbata
1544 1612 1665 1682 Nyl.
1692 1614 1746 1667 in
1774 1616 2001 1671 Stizenb.
2034 1601 2157 1670 Leo.
2195 1615 2301 1668 sab.
2338 1632 2389 1684 p.
2423 1617 2517 1678 15,
2557 1614 2625 1668 ad
2648 1615 2852 1685 lignum

530 1699 796 1751 vetustum
835 1714 993 1768 prope
1033 1698 1266 1767 Onegam
1304 1700 1428 1764 (Th.
1463 1699 1745 1769 Simming)
1781 1701 2065 1772 eademque
2101 1701 2168 1755 ad
2202 1700 2476 1769 Kitkajoki
2512 1701 2724 1755 Fenniae
2759 1702 2854 1756 bo-

530 1783 688 1837 realis
725 1783 804 1852 (F.
845 1783 1014 1845 Silen)
1051 1784 1217 1853 lecta,
1254 1789 1335 1839 est
1373 1786 1526 1840 modo
1563 1785 1731 1840 forma
1765 1789 1970 1842 minuta
2004 1787 2294 1857 apotheciis
2329 1789 2521 1852 0,2—5
2559 1804 2682 1841 mm.
2709 1788 2855 1849 latis,

534 1869 830 1924 incarnatis.
878 1898 942 1908 —-
987 1870 1214 1925 Lect'dea
1261 1873 1493 1926 vernalis
1527 1889 1575 1927 v.
1612 1873 1915 1942 subduplex
1950 1874 2069 1944 Nyl.
2106 1873 2291 1929 Scand.
2330 1893 2379 1945 p.
2417 1875 2520 1927 201
2562 1878 2645 1929 est
2682 1876 2854 1930 forma

528 1957 695 2025 sporis
750 1956 932 2010 multis
976 1957 1246 2027 dyblastis.
1301 1991 1355 1998 --
1399 1960 1509 2013 Sec.
1548 1960 1834 2029 specimina
1868 1960 1922 2014 in
1957 1961 2101 2016 herb.
2139 1979 2268 2015 mus.
2306 1961 2470 2015 Fenn.
2508 1960 2604 2014 sub
2642 1962 2853 2016 nomine

529 2043 594 2096 L.
631 2043 943 2112 sphoeroidis
987 2044 1148 2115 Lapp.
1188 2063 1259 2099 or.
1298 2064 1345 2115 p.
1387 2047 1489 2098 150
1524 2045 1661 2098 latet
1697 2062 1898 2115 quoque
1944 2047 2012 2101 B.
2050 2049 2349 2102 obscurata.
2401 2079 2462 2088 —
2511 2047 2705 2102 Forma
2739 2066 2852 2103 cor-

528 2130 688 2183 ticola
736 2133 818 2184 est
865 2131 1124 2185 Bilimbia
1167 2132 1437 2186 Badensvs
1483 2132 1642 2186 Korb.
1692 2133 1788 2203 Pg.
1839 2152 1885 2203 p.
1926 2134 2053 2197 168,
2092 2135 2147 2188 in
2183 2134 2269 2188 Fr.
2308 2136 2366 2189 L.
2405 2133 2464 2187 Ε.
2502 2152 2552 2204 p.
2592 2136 2697 2188 260
2731 2136 2854 2190 Lec.

529 2218 737 2271 vernali
770 2238 823 2270 α.
867 2219 1071 2273 luteolae
1105 2219 1462 2273 adnumerata.

668 2304 782 2357 obs.
819 2303 869 2357 2.
942 2305 1253 2361 Differentia
1308 2307 1447 2360 inter
1498 2305 1633 2358 hanc
1670 2308 1726 2358 et
1776 2306 1845 2360 Β.
1893 2307 2252 2371 obscuratam,
2302 2324 2458 2376 quam
2494 2307 2549 2361 in
2587 2307 2855 2363 diversum

522 2391 650 2458 jodo
703 2396 1040 2460 provocatum
1097 2394 1320 2448 colorem
1366 2395 1605 2463 quaerunt
1640 2391 1764 2445 cell.
1812 2391 1862 2445 N
1863 2391 2078 2462 ylander
2111 2397 2168 2448 et
2204 2393 2597 2464 Stizenberger‚
2635 2396 2853 2449 minime

527 2477 693 2532 adest.

669 2567 782 2620 (ihs.
820 2567 870 2620 3.
949 2566 1114 2635 Supra
1150 2569 1343 2619 terram
1383 2565 1575 2619 nudam
1611 2564 1679 2619 ad
1709 2565 2011 2634 Kongsvold
2035 2566 2231 2636 alpium
2259 2567 2605 2623 Dovrensium
2630 2569 2853 2622 formam

487 2652 498 2667 ²
529 2652 753 2722 legimus
791 2654 1118 2708 recedentem
1158 2657 1333 2705 crusta
1369 2653 1619 2706 crassiore
1654 2652 1854 2714 albida,
1894 2652 2186 2722 apotheciis
2217 2651 2600 2709 obscurioribus
2636 2656 2850 2709 habitu-

528 2757 627 2810 que
664 2739 851 2794 alieno.
909 2740 1127 2809 Proprio
1154 2738 1289 2792 forte
1317 2742 1516 2792 mereat
1546 2738 1782 2801 nomine,
1815 2738 1907 2793 sed
1932 2740 2140 2794 unicum
2165 2740 2320 2795 modo
2345 2742 2607 2811 specimen
2637 2742 2850 2795 lectum.

1252 2917 1310 2977 2.
1404 2919 1469 2977 B.
1529 2916 1873 2977 PALLENS
1928 2916 2125 2976 Kullh.

704 3070 926 3135 Crusta
970 3070 1202 3146 tenuis,
1252 3069 1970 3151 verrucoso-granulosa‚
2019 3069 2713 3138 virescenti-straminea
2755 3073 2850 3137 vel

530 3173 1203 3249 cinerascenti-albida3
1273 3172 1596 3255 apothecis.
1647 3173 1927 3250 minuta,
1982 3172 2220 3237 sessilis
2273 3173 2367 3237 vel
2415 3173 2667 3252 adnata,
2715 3177 2847 3259 pri-

529 3277 718 3341 mitus
783 3275 1166 3360 planiuscula
1234 3278 1296 3339 et
1352 3275 1628 3357 margine
1686 3273 2045 3340 tenuissimo
2113 3275 2377 3341 demisso
2424 3277 2656 3354 cincta,
2705 3300 2848 3344 mox

529 3402 802 3444 convexa
856 3379 1440 3461 immarginataque‚
1509 3398 1764 3442 ceracea
1817 3378 1915 3442 vel
1967 3378 2494 3455 ceraceo-albz'da3
2545 3380 2847 3463 hypothe-

531 3482 694 3547 cium
766 3482 1213 3558 e'ncoloratum;
1281 3499 1476 3565 sporae
1542 3479 1819 3560 oblonyoe
1885 3480 1981 3545 vel
2043 3480 2706 3564 bacillari-elonqatae‚
2762 3490 2845 3548 te·

532 3586 879 3648 trablastoe.
1720 3586 1725 3592 ’

674 3708 815 3771 Syn.
890 3703 1146 3757 Bizimbia
1191 3703 1412 3771 pallens
1467 3700 1645 3754 Kullh.
1702 3700 1756 3752 in
1801 3700 1924 3753 Not.
1970 3699 2151 3753 Sallsk.
2190 3719 2240 3771 p.
2287 3701 2347 3755 F.
2386 3705 2442 3756 et
2476 3702 2557 3757 Fl.
2595 3704 2655 3757 F.
2693 3705 2850 3759 Forh.

531 3788 609 3842 XI
645 3789 833 3856 (1871)
867 3808 916 3860 p.
958 3790 1078 3842 274.

704 3894 797 3959 Ad
855 3895 1146 3959 corticem
1203 3894 1557 3976 laevigatam
1612 3891 1791 3957 Tiliae
1847 3890 2009 3957 circa
2052 3890 2348 3956 Musiiala
2394 3891 2657 3957 Fennioe
2702 3894 2847 3959 hac-

532 4000 709 4061 tenus
755 3999 993 4062 tantum
1042 3997 1205 4062 lecta
1248 3998 1352 4080 (A.
1403 3995 1752 4079 Kullhem>.

679 4116 903 4170 Habitus
940 4115 1048 4170 fere
1086 4115 1295 4169 omnino
1331 4113 1622 4168 Lecanoroe
1659 4113 1693 4146 *
1711 4113 2006 4181 symmictoe.
2090 4111 2136 4165 A
2174 4111 2389 4167 minutis
2432 4115 2504 4167 B.
2543 4115 2858 4183 sphoeroidzls

533 4203 717 4256 formis
771 4203 1025 4257 distincta
1076 4201 1467 4273 apotheciorurn
1515 4200 1735 4253 minutie
1773 4201 1828 4252 et
1865 4197 2061 4261 colore,
2110 4200 2276 4268 sporis
2312 4202 2414 4253 etc.
2456 4231 2522 4240 —
2558 4200 2875 4271 Apothecia‘

533 4291 720 4357 0,2-4
779 4306 900 4343 mm.
948 4289 1072 4343 lata.
1147 4287 1455 4358 Excipulum
1499 4286 1859 4341 incoloratum.
1932 4284 2258 4355 Paraphyses
2294 4291 2571 4352 concretae,
2609 4292 2735 4342 totae
2770 4290 2851 4342 in-

535 4376 791 4431 coloratoe.
866 4376 987 4430 Asci
1034 4376 1450 4430 inflato-clavati.
1525 4373 1698 4444 Sporae
1734 4374 1890 4434 Θεαῖε,
1942 4372 2186 4440 utrinque
2222 4372 2445 4435 obtusae,
2494 4378 2650 4429 rectae
2688 4393 2735 4427 v.
2775 4375 2850 4429 le-

535 4463 672 4516 viter
708 4462 963 4526 cumulas,
1002 4464 1296 4526 0,011-17
1340 4478 1461 4514 mm.
1498 4460 1666 4529 longae
1703 4461 1758 4513 et
1791 4462 2052 4526 0‚00·2—3
2090 4476 2207 4513 mm.
2244 4475 2454 4515 crassoe.
2514 4461 2648 4516 Jodo
2675 4464 2853 4517 vinose

534 4550 701 4604 rubet.
765 4540 813 4604 K
850 4550 934 4604 vel
969 4549 1088 4621 ΝΟ,
1127 4548 1296 4603 colore
1333 4565 1435 4601 nou
1471 4552 1722 4603 mutatur.
