3177 5011
1269 325 1389 390 527

183 480 427 545 fluentia,
465 479 774 536 orbicularis
808 495 858 532 v,
898 480 1172 551 angulosa.
1210 479 1349 535 nuda
1383 496 1431 533 v.
1468 478 1703 532 tenuiter
1738 480 2007 549 pruinosa,
2048 494 2184 533 nunc
2209 477 2492 549 persisten-

184 572 267 624 ter
319 570 499 640 plana,
556 583 692 621 nunc
745 567 902 620 citius
956 582 1192 621 convexa.
1265 565 1572 636 Excipulum
1628 568 1862 622 crassitie
1910 568 2144 628 varians,
2181 566 2490 635 nigrescens,

184 656 512 727 Paraphyses
566 654 766 725 apicem
814 669 993 707 versus
1039 652 1638 723 fuligineo-nigricantcs
1681 669 1728 706 v.
1766 653 2300 722 olivaceo·fuligineae.
2371 653 2494 707 Asci

184 748 406 812 anyuste
427 740 636 796 clavati.
692 740 864 811 Sporae
889 740 1140 810 oblongae.
1168 737 1737 809 oblongo-ellipsoideoe
1760 754 1810 791 v.
1838 737 2168 809 ellipsoideae,
2195 741 2490 803 omo—15

186 845 309 882 mm.
354 828 520 899 longae
566 831 623 881 et
672 829 929 894 0‚005—-7
969 842 1093 879 mm.
1131 843 1333 881 crassae.
1406 826 1542 881 Jodo
1578 825 1890 887 caerulescit,
1930 826 2051 881 dein
2088 825 2292 881 sordide
2328 827 2494 880 viola-

183 915 287 969 scit
321 915 629 970 rubescitve.
692 899 741 969 1'(
778 913 919 966 color
973 928 1074 966 non
1120 917 1370 967 mutatur.
1443 912 1562 983 No,
1621 912 1968 983 paraphysum
2024 916 2201 984 partes
2248 914 2494 969 coloratae

184 1002 669 1057 roseo-violascunt.
744 999 1037 1069 Spermatia
1072 997 1383 1069 cylindrica,
1422 1002 1580 1052 recta.

326 1087 439 1141 obs.
480 1088 523 1143 1.
592 1086 675 1141 Ad
711 1102 890 1140 omnes
925 1088 1201 1155 (quantum
1239 1085 1455 1149 scimus)
1491 1083 1649 1151 hujus
1686 1083 1878 1153 speciei
1912 1082 2106 1139 formas
2141 1086 2495 1157 agnoscendas

187 1174 445 1243 optimum
498 1172 871 1229 adminiculum
915 1173 1113 1242 praebet
1148 1157 1222 1226 Ca
1236 1159 1317 1225 (31-
1385 1169 1499 1236 Quo
1551 1171 1691 1224 enim
1734 1169 1972 1225 adhibito
2016 1173 2303 1241 epithallus
2342 1174 2495 1229 rube-

185 1261 310 1326 scit3
360 1261 451 1330 qui
496 1261 636 1315 color
681 1261 737 1315 in
784 1266 835 1330 β.
890 1259 1054 1313 oculis
1105 1259 1285 1325 nudis,
1339 1259 1395 1312 in
1451 1278 1502 1312 α.
1549 1256 1890 1326 microscopio
1944 1258 2192 1315 facillime
2246 1262 2497 1332 perspici-

185 1349 289 1401 tur.
360 1347 489 1402 Inde
540 1348 699 1402 etiam
747 1349 923 1418 patet,
969 1364 1024 1403 re
1075 1362 1195 1401 vera
1248 1345 1444 1399 nullam
1489 1358 1611 1399 ‘esse
1656 1342 2003 1413 differentiam
2044 1346 2182 1402 inter
2216 1347 2281 1401 L.
2310 1348 2497 1416 fusco-

186 1438 364 1486 atram
413 1431 614 1501 (”Cacl
655 1433 774 1500 —”)
818 1436 874 1488 et
915 1432 982 1486 L.
1017 1432 1291 1502 yrisellam
1329 1429 1531 1496 (wael
1573 1442 1621 1489 4
1644 1429 1721 1496 ’'),
1777 1434 1839 1484 ut
1873 1430 2128 1488 indicavit
2164 1433 2258 1488 cel.
2296 1434 2496 1504 Nylan-

186 1518 279 1573 der
315 1524 371 1573 et
405 1520 735 1574 confirmavit
770 1520 919 1573 amic.
957 1518 1174 1573 Arnold.
1247 1518 1422 1573 Etiam
1461 1517 1564 1571 ΖΨ.
1604 1533 1653 1571 n.
1693 1517 1794 1570 136
1830 1522 1886 1572 et
1920 1519 2044 1573 Arn.
2070 1537 2118 1573 n.
2146 1520 2247 1573 191
2272 1520 2497 1591 epithal·

190 1607 299 1661 lum
348 1593 495 1661 Cael
545 1605 814 1662 rubentem
869 1605 1138 1677 possident
1182 1606 1299 1674 (nec
1345 1604 1448 1659 ”Ca
1461 1602 1523 1657 Cl
1559 1602 1895 1687 —-”);·Hepp
1931 1623 1980 1660 n.
2021 1608 2121 1660 131
2158 1607 2260 1661 huc
2296 1607 2494 1662 relatus

189 1693 403 1759 (saltem
441 1693 495 1747 in
531 1710 647 1748 meo
683 1693 929 1763 exempl.)
964 1696 1046 1748 est
1081 1691 1148 1745 L.
1184 1690 1561 1746 atrobmnnea.
1602 1722 1662 1731 —
1697 1691 1747 1744 K
1772 1695 1948 1747 crusta
1966 1696 2115 1748 extus
2132 1694 2377 1764 intusque
2395 1711 2498 1750 non

187 1783 424 1834 mutatur
459 1779 777 1851 (Leightonz
816 1779 894 1832 ”K
929 1778 1184 1849 yellow”).

326 1867 440 1921 obs.
476 1866 524 1922 2.
596 1866 831 1937 Propriis
869 1865 1163 1919 nominibus
1199 1865 1473 1934 designare
1511 1862 1703 1918 formas
1740 1879 1920 1934 parum
1957 1864 2193 1923 interest.
2265 1868 2498 1939 Apothe-

185 1953 281 2007 ciis
326 1953 560 2008 tenuiter
604 1952 864 2023 pruinosis
911 1954 994 2005 est
1037 1955 1088 2019 β.
1131 1950 1353 2021 Moseyii
1384 1950 1511 2004 Ach.
1561 1949 1715 2004 Univ.
1752 1967 1803 2020 p.
1842 1952 1959 2013 15⁷,
1996 1949 2115 2023 Syn.
2154 1972 2203 2025 p.
2244 1955 2338 2019 12,
2376 1956 2499 2027 Nyl.

183 2038 370 2095 Scand.
409 2057 460 2110 p.
500 2040 619 2095 230.
661 2070 721 2079 -
762 2039 881 2092 Var.
917 2036 1148 2092 cir-sodes
1184 2037 1308 2091 Ach.
1349 2036 1515 2091 Meth.
1552 2055 1604 2107 p.
1643 2037 1712 2090 42
1749 2038 1926 2092 differt
1962 2039 2252 2109 apotheciis
2288 2040 2497 2097 demum

183 2126 446 2191 convexis,
486 2124 922 2196 conglomeratis,
956 2122 1326 2186 tuberculosi8‚
1362 2123 1702 2179 difformibus.
1741 2156 1806 2165 —-
1844 2124 2139 2195 Specimiua
2163 2125 2499 2197 ”hypothallo

187 2230 292 2268 non
329 2212 524 2267 visibili
560 2212 645 2267 vel
680 2210 745 2266 ab
781 2210 973 2265 areolis
1009 2209 1248 2264 thallinis
1284 2209 1531 2280 pallidius
1567 2209 1728 2265 fuscis
1770 2211 1854 2265 vel
1892 2210 2499 2270 lurido-fuscescentibus

183 2298 356 2353 tecto”
402 2298 623 2370 praedita
670 2298 725 2351 in
770 2296 890 2367 Nyl.
936 2296 1118 2351 Scand.
1165 2315 1213 2367 p.
1262 2297 1365 2349 230
1403 2295 1545 2350 dicta
1581 2300 1705 2350 sunt
1740 2313 1847 2351 var.
1876 2298 2101 2366 fumosa
2136 2299 2399 2366 (immixta
2432 2303 2499 2357 L.

185 2387 580 2455 athroocarpa).
630 2415 694 2424 -
740 2383 1024 2438 Rarissime
1077 2386 1252 2438 crusta
1299 2372 1791 2454 apotheciorumque
1846 2382 1977 2438 disci
2031 2386 2251 2456 hydrate
2313 2388 2499 2444 ferrico

185 2475 310 2526 sunt
347 2471 579 2527 colorati.
655 2469 874 2537 Qualem
908 2471 964 2525 in
999 2470 1209 2526 Nericia
1244 2469 1377 2540 legit
1411 2470 1611 2524 amicus
1646 2469 1706 2524 P.
1743 2469 1791 2525 J.
1829 2469 2085 2527 Hellbom.
2130 2504 2190 2514 —-
2228 2473 2495 2549 Insignem

184 2560 407 2614 formam
443 2559 704 2622 sterilem,
743 2557 928 2612 habitu
963 2560 1019 2612 ct
1054 2558 1317 2613 crescendi
1342 2556 1494 2611 modo
1518 2556 1586 2612 L.
1612 2561 1851 2611 ostreatae
1874 2557 2226 2628 simillimam,
2248 2562 2305 2618 in
2329 2565 2500 2620 taeniis

183 2646 528 2701 Smolandicis
564 2632 715 2714 (616)
751 2645 887 2716 legit
920 2647 1068 2701 amic.
1107 2646 1178 2699 M.
1213 2644 1287 2699 M.
1323 2643 1592 2699 Floderus.
1669 2643 2115 2703 Commemoratur
2150 2649 2205 2703 in
2228 2649 2349 2705 Bot.
2374 2651 2499 2706 Not.

187 2734 326 2789 1854
362 2751 413 2804 p.
451 2732 569 2787 168.
1013 2737 1016 2740 “

328 2819 442 2873 obs.
477 2819 526 2873 3.
597 2819 661 2874 In
696 2818 908 2888 scriptis
943 2815 1156 2872 Acharii
1192 2817 1398 2872 nomine
1433 2815 1669 2872 Lecideae
1694 2816 1928 2885 fumosoe
1953 2818 2059 2875 fere
2085 2822 2297 2877 omnino
2320 2828 2500 2880 nostra

185 2907 254 2963 L.
297 2908 587 2976 suscoatra
637 2905 957 2976 designatur.
1012 2904 1156 2957 Inter
1209 2920 1482 2958 numerosa
1529 2903 1685 2974 hujus
1730 2905 2016 2975 specimina
2066 2923 2231 2977 pauca
2263 2909 2319 2963 in
2355 2910 2499 2969 herb.

187 2994 316 3049 Ach.
373 2992 709 3047 inveniuntur
761 2991 981 3046 fortuito
1016 2989 1255 3045 immixta
1290 2990 1618 3061 Rhizocarpi
1648 2991 1918 3047 obscurati
1949 2995 2004 3048 et
2034 2997 2289 3064 qeminati
2302 3038 2313 3061 ,
2351 2999 2495 3054 Aca·

189 3095 428 3150 rosporoe
457 3080 830 3150 qlaucocarpoe
865 3082 967 3133 cet.
994 3108 1058 3118 -
1083 3076 1150 3131 L.
1188 3077 1496 3132 ceehumena
1521 3079 1648 3133 Ach.
1675 3082 1759 3132 est
1781 3079 1948 3133 forma
1974 3081 2265 3150 apotheciis
2289 3082 2497 3140 demum

191 3167 456 3232 convexis,
493 3166 891 3237 immerginatiS.
933 3195 998 3207 -
1034 3164 1098 3218 In
1133 3162 1317 3217 Prodr.
1358 3167 1477 3230 (nec
1511 3164 1567 3218 in
1604 3164 1724 3220 aliis
1759 3167 1990 3238 scriptis)
2028 3166 2124 3221 sub
2146 3168 2291 3225 Lich.
2314 3172 2498 3240 susco-

189 3261 309 3309 αὐτο
347 3255 511 3309 latere
549 3253 773 3309 videtur.
815 3285 877 3296 -
911 3251 976 3305 L.
1018 3251 1253 3320 lapicida
1287 3251 1332 3306 b.
1369 3253 1676 3307 cicatricosa
1711 3253 1838 3308 Ach.
1877 3252 1994 3308 Vet.
2021 3253 2117 3307 Ak.
2144 3255 2332 3311 Handl.
2362 3259 2499 3312 1808

190 3358 242 3411 p.
283 3341 416 3404 232,
452 3339 604 3395 Univ.
642 3357 694 3410 p.
735 3337 860 3400 159,
899 3337 1017 3407 Syn.
1054 3354 1103 3406 p.
1144 3338 1211 3390 13
1246 3340 1329 3392 est
1352 3336 1509 3406 hujus
1531 3338 1698 3393 forma
1723 3338 2060 3394 accidentalis
2085 3343 2270 3397 areolis
2294 3347 2502 3414 punctis

191 3426 473 3481 maculisve
503 3426 734 3488 minutiS,
770 3424 1054 3494 impressis,
1092 3422 1501 3478 fuscescentibus
1538 3427 1751 3490 notatiS,
1790 3430 2018 3482 ceterum
2044 3427 2499 3498 cinere-scentibus,

195 3513 291 3567 ”ad
327 3512 530 3567 oculum
568 3519 828 3567 armatum
865 3509 1183 3564 cicatricosis
1218 3512 1274 3564 et
1310 3510 1656 3580 subrugosis.”

333 3600 446 3655 obs.
481 3602 532 3655 4.
603 3598 832 3660 Nullibi,
870 3598 1124 3667 quantum
1161 3597 1534 3667 intelligimus,
1574 3598 1668 3653 cel.
1706 3597 1976 3667 Nylander
2010 3615 2155 3654 suam
2208 3601 2272 3655 L.
2313 3604 2502 3673 fusco..

198 3694 376 3742 atram
410 3686 669 3741 limitibus
705 3701 861 3755 supra
898 3683 1145 3738 indicatis
1183 3683 1603 3754 circumscripsit.
1674 3684 1737 3737 In
1773 3683 1953 3739 Scand.
1993 3702 2041 3755 p.
2079 3687 2183 3740 229
2231 3690 2502 3763 conjungit

195 3773 260 3827 L.
289 3774 630 3842 fuscoatram
665 3776 899 3826 nostram
934 3770 1149 3840 ejusque
1184 3787 1290 3824 var.
1325 3771 1737 3841 subcontiyuam,
1775 3771 1840 3826 L.
1877 3773 2283 3844 athroocwmam
2318 3795 2378 3832 ac
2401 3779 2503 3834 Le-

193 3876 448 3915 canoram
481 3862 734 3915 deustam.
775 3888 841 3899 —-
877 3857 938 3911 In
975 3856 1135 3927 Lapp.
1173 3874 1248 3911 or.
1287 3875 1338 3928 p.
1380 3859 1483 3912 160
1516 3861 1579 3912 ut
1615 3860 1825 3930 propria
1857 3861 2055 3931 species
2090 3865 2398 3932 proponitur
2431 3864 2499 3921 L.

190 3949 443 4018 musella,-
495 3963 607 4018 quae
659 3962 781 4000 vero
838 3946 912 3999 ibi
964 3944 1260 4015 appellatur
1314 3944 1408 3999 ”L.
1454 3946 1773 4015 fusconis-(1¹⁹
1818 3949 1899 4002 est
1932 3946 1998 4001 L.
2037 3952 2395 4019 paupercula.
2432 3983 2499 3995 —-

195 4034 392 4089 Eodem
429 4034 537 4088 fere
574 4038 806 4105 tempore
842 4032 1028 4101 (1866)
1065 4030 1131 4086 L.
1169 4032 1576 4102 athroocarpam
1612 4034 1707 4087 sub
1743 4034 1949 4089 nomine
1984 4033 2045 4088 L.
2088 4039 2502 4107 atrofioeoescm-

197 4123 264 4176 tis
299 4121 525 4191 sejunxit
560 4120 870 4190 demumque
906 4118 1093 4186 (1872)
1130 4117 1481 4175 differentiam
1517 4120 1716 4174 deustae
1749 4120 2025 4190 perspexit.

807 4296 947 4359 111.
1041 4298 1105 4357 L.
1153 4297 1718 4361 susooomanA
1762 4300 1896 4376 Nyl.

371 4433 591 4499 Crusta
654 4435 890 4517 effusa,
961 4432 1547 4510 rimoso-areolam,
1613 4435 1983 4519 inaequalis,
2053 4435 2277 4501 areolis
2341 4455 2501 4523 saepe

197 4537 766 4604 verrucaeformibus
819 4536 1328 4615 tuberculatisve,
1393 4539 1789 4605 cinerascens
1855 4538 1954 4606 vel
2013 4539 2499 4624 dmeoffwca,
