3177 5011
1244 328 1368 395 325

809 487 999 563 Fam.
1053 485 1164 561 VI.
1271 485 1811 563 LEGIDEAOEI.

318 659 579 726 Thallus
624 660 991 732 crustaceus,
1037 636 1382 741 depressus,
1415 658 1641 741 hyphis
1666 656 2118 721 medullaribus
2141 657 2461 722 substrato

148 765 430 850 affixus;
476 762 796 846 apothecia
841 762 1034 827 thallo
1082 780 1200 825 non
1241 761 1603 844 marginata,
1646 760 1831 824 nulla
1869 759 2132 842 yonidia
2148 758 2459 842 foventia.

286 883 370 939 Ad
419 881 826 946 Lecanoraaeos,
882 884 942 934 ut
985 879 1204 949 jamjam
1249 880 1609 943 iudicavimus,
1656 879 1860 933 accedit
1894 879 2003 933 haec
2039 875 2259 945 familia,
2294 894 2461 947 neque

145 971 252 1025 alia
286 977 418 1023 nota
452 968 759 1022 distinctiva
803 966 1130 1022 admittenda
1176 967 1325 1020 nobis
1369 966 1594 1029 videtur,
1646 982 1801 1035 quam
1836 964 2048 1035 gonidia
2081 965 2138 1018 in
2172 965 2463 1035 apotheciis

143 1056 428 1126 praesentia
476 1053 796 1110 absentiave.
871 1052 1048 1106 Etiam
1094 1054 1227 1107 banc
1276 1053 1540 1109 interdum
1588 1069 1699 1107 esse
1748 1053 1986 1108 fallacem
2025 1052 2138 1121 jam
2183 1070 2338 1122 supra
2380 1054 2464 1106 est

145 1144 438 1198 indicatum
496 1150 567 1201 (V.
619 1157 662 1193 c.
707 1157 825 1209 pag.
878 1140 997 1201 185,
1050 1142 1167 1203 205,
1220 1142 1322 1193 207
1368 1144 1516 1205 cet.);
1573 1139 1725 1209 plura
1767 1138 2022 1207 ejusmodi
2059 1137 2293 1209 exempla
2327 1139 2463 1193 iufra

143 1230 399 1285 invenies,
455 1229 559 1283 Ubi
595 1226 906 1281 collocandae
943 1228 1050 1280 sint
1085 1230 1284 1298 species
1319 1227 1611 1298 apotheciis
1647 1230 1875 1280 crustam
1900 1212 2227 1294 aequantibus
2250 1229 2462 1281 immer-

145 1316 286 1369 sisve
333 1315 565 1385 praeditae
610 1319 680 1382 (v.
727 1331 770 1367 c.
816 1313 1095 1369 Lecanora
1123 1316 1456 1386 peliobotvya
1492 1318 1546 1370 et
1572 1315 1814 1383 phaeops,
1860 1313 2086 1368 Lea-idea
2122 1315 2459 1376 consenuere-3,

146 1403 305 1455 variae
341 1400 572 1455 Buellz‘ae
608 1405 754 1466 cet.)‚
794 1418 930 1471 saepe
968 1404 1050 1456 est
1086 1403 1294 1456 omnino
1329 1402 1685 1456 arbitrarium.
1721 1430 1788 1443 —
1823 1398 1899 1453 Ut
1933 1399 2064 1453 alias
2099 1403 2266 1463 notaS,
2304 1416 2461 1453 unam

144 1487 435 1541 alteramve
482 1487 708 1556 speciem
745 1506 773 1544 e
810 1488 1139 1543 Lecideaceis
1184 1489 1532 1552 excludenteS,
1581 1502 1969 1555 nonnumquam
2003 1486 2231 1541 vidimus
2265 1486 2460 1540 iudica·

147 1579 265 1629 tum
302 1574 570 1628 ”habitum
608 1575 990 1630 lecanorinnm”
1036 1576 1098 1644 (i.
1136 1593 1177 1631 c.
1217 1576 1507 1646 marginem
1546 1573 1887 1627 accessorium
1923 1571 2006 1627 vel
2043 1573 2285 1643 vestigiis
2320 1572 2462 1626 thal·

145 1662 274 1716 linis
323 1661 575 1725 velatum,
621 1662 848 1732 gonidiis
899 1666 1078 1716 tamen
1124 1663 1308 1729 nullis)
1365 1662 1449 1717 vel
1500 1660 1662 1716 etiam
1707 1660 2187 1729 spermogoniorum
2232 1660 2462 1715 indolem

148 1750 656 1820 spermatiorumque
703 1748 924 1802 formam
968 1749 1295 1806 acicularem.
1367 1749 1564 1815 Quibus
1609 1762 1731 1800 vero
1777 1746 1989 1816 organis
2025 1747 2069 1801 si
2106 1750 2284 1801 votum
2322 1747 2462 1802 deci·

147 1835 319 1889 sivum
356 1834 694 1899 tribueretur,
744 1852 932 1906 magna
976 1853 1098 1890 sane
1142 1836 1577 1891 Lceideaceorum
1613 1833 1796 1887 cohors
1833 1831 1899 1885 ad
1932 1831 2327 1888 Lecanoracoos
2362 1833 2460 1887 im·

147 1922 339 1976 merito
378 1921 696 1991 rejiceretur.

1043 2082 1134 2145 A.
1227 2079 1571 2144 Buelliel.

613 2213 950 2298 Apothecia
993 2214 1353 2289 rotundam,
1400 2215 1605 2279 discus
1646 2230 1984 2295 expansus·

289 2334 340 2386 1.
415 2334 517 2387 Per
566 2333 694 2388 duas
738 2333 822 2388 vel
869 2337 978 2387 tres
1022 2334 1190 2388 tn‘bus
1234 2351 1366 2404 saepe
1412 2334 1794 2405 dispertiuntur
1829 2347 2021 2402 genera
2055 2332 2105 2386 h.
2144 2331 2179 2384 1.
2217 2331 2271 2384 in
2307 2346 2464 2384 unam

150 2420 380 2475 redacta.
453 2421 599 2474 Inter
654 2437 784 2489 quas
829 2420 1125 2489 Boeomycez·
1165 2418 1454 2488 apotheciis
1503 2421 1701 2474 adultis
1746 2419 2006 2490 stipitatis
2049 2417 2335 2487 habituque
2381 2419 2465 2471 sat

153 2509 401 2578 peculiari
439 2509 694 2570 emiuent;
745 2509 917 2562 minus
960 2507 1194 2577 insignes
1230 2509 1355 2559 sunt
1389 2507 1577 2563 Psorei
1610 2511 1786 2563 crusta
1823 2507 2153 2576 squamulosa
2188 2522 2221 2558 a
2255 2504 2460 2568 ceteris,

152 2612 367 2665 qnorum
417 2596 693 2665 apothecia
737 2610 840 2648 non
886 2597 1008 2647 sunt
1052 2592 1315 2662 stipitata,
1361 2594 1665 2649 recedentes
1701 2598 1859 2664 atque
1907 2596 1963 2647 in
2010 2593 2106 2646 hos
2142 2594 2252 2645 sine
2289 2590 2460 2644 limite

149 2683 614 2752 transgredientes,
688 2682 1017 2752 Boeomyceos
1051 2683 1229 2734 tamen
1264 2697 1366 2733 non
1406 2682 1622 2735 seorsim
1658 2681 2036 2751 proposuimus,
2064 2696 2222 2749 quum
2247 2679 2462 2733 minime

152 2770 324 2823 desint
359 2769 452 2822 alii
489 2769 720 2822 lichenes
756 2768 1046 2839 apotheciis
1082 2768 1343 2836 stipitatis
1378 2769 1626 2822 instructi
1662 2779 1765 2830 (ex.
1799 2786 1878 2838 gr.
1909 2767 2244 2835 Stereopelttls
2272 2766 2462 2827 DNtrs,

153 2856 498 2924 Helocarpon
534 2855 629 2907 Th.
667 2855 752 2908 Fr.
791 2859 937 2921 eet.),
977 2855 1063 2922 qni
1101 2853 1203 2906 nisi
1240 2852 1409 2907 invita
1433 2859 1621 2909 natura
1645 2856 1709 2909 ab
1732 2855 1977 2909 affinibus
2002 2857 2265 2923 nequeant
2289 2868 2463 2921 segre-

153 2944 278 3012 gari.
353 2942 534 3010 Neque
571 2942 845 3010 quisquam
883 2941 1127 3011 stipitata
1162 2939 1367 2994 Calicia
1394 2945 1450 2994 et
1479 2942 1684 2996 sessilia
1719 2941 1970 3012 Cyphelia
2005 2941 2072 2994 ad
2109 2941 2339 2994 diversas
2366 2940 2464 2992 tri·

154 3030 249 3082 bus
286 3029 472 3083 ducere
509 3045 665 3082 ausus
700 3032 796 3082 est.

292 3135 340 3186 2.
413 3134 654 3187 Studium
703 3131 966 3186 lichenum
1014 3128 1079 3181 ad
1124 3129 1258 3182 hanc
1293 3128 1490 3182 tribum
1528 3130 1903 3198 pertinentium
1940 3131 2124 3185 multis
2159 3131 2467 3199 magnisque

153 3219 554 3273 difficultatibus
590 3222 673 3273 est
709 3216 1000 3272 obnoxium.
1074 3214 1223 3280 Quod
1262 3216 1424 3269 etiam
1461 3215 1525 3270 de
1558 3232 1736 3271 eorum
1778 3218 1834 3269 in
1864 3232 2062 3285 yenera
2097 3216 2467 3271 distributione

149 3307 266 3375 jure
304 3307 409 3360 dici
446 3309 635 3376 potest.
690 3304 790 3371 Qui
826 3302 1039 3373 gordius
1074 3302 1240 3356 nodus
1275 3319 1378 3356 uon
1409 3301 1631 3357 solvitur
1658 3302 1749 3356 sed
1774 3301 2100 3363 discinditur,
2128 3302 2173 3354 si
2198 3301 2468 3372 speciebus

156 3394 417 3464 stipitatis
464 3393 821 3461 BoeomycetiS,
867 3390 1055 3443 ceteris
1104 3389 1342 3444 omnibus
1387 3390 1625 3444 Lecideae
1673 3406 1857 3443 nomen
1903 3389 2209 3451 tribuimus3
2257 3388 2468 3442 omnino

154 3481 336 3536 eadem
384 3484 499 3534 tum
547 3480 711 3534 restat
755 3476 1055 3538 difficultas,
1093 3494 1252 3546 quum
1288 3477 1356 3530 ad
1393 3477 1747 3530 vastissimum
1784 3475 1868 3529 vel
1903 3475 2078 3545 potius
2114 3474 2334 3530 informe
2374 3477 2469 3530 hoc

154 3551 320 3638 genus
355 3567 414 3620 in
450 3566 738 3635 subgenera
774 3563 1132 3632 sectionesque
1173 3562 1510 3617 dividendum
1534 3560 1906 3631 progredimur.
1966 3561 2198 3631 Ingenue
2224 3562 2466 3628 fatemur,

154 3654 372 3708 minime
411 3652 585 3706 omnia
619 3651 983 3705 Buellieorum
1020 3666 1212 3719 genera
1246 3651 1302 3703 in
1338 3651 1435 3704 hoc
1473 3647 1719 3720 opusculo
1754 3652 1965 3718 recepta
1998 3649 2149 3703 nobis
2185 3649 2351 3704 videri
2376 3669 2468 3705 na-

156 3745 287 3795 turae
324 3742 672 3793 consentanea
708 3737 790 3791 vel
825 3736 1057 3792 definitis
1092 3736 1352 3790 limitibus
1378 3738 1478 3791 rite
1505 3734 1910 3804 circumscripta.
1958 3735 2185 3791 Mediam
2211 3738 2470 3792 voluimus

154 3826 362 3897 ingredi
409 3826 566 3887 viam,
611 3826 770 3879 nimis
818 3840 912 3879 nec
962 3823 1350 3878 accumulantes
1396 3839 1562 3891 neque
1599 3820 1924 3876 divellentes.
1996 3821 2257 3880 Ulteriore
2295 3826 2469 3881 studio

157 3931 281 3968 sane
320 3913 490 3967 adhue
526 3927 656 3982 opus
692 3915 791 3976 est,
829 3914 890 3964 ut
926 3911 1202 3964 veritatem
1235 3909 1576 3963 inveniamus.

299 4019 346 4070 3.
421 4016 483 4069 In
525 4016 786 4085 speciebus
833 4013 989 4083 hujus
1033 4013 1244 4066 familiae
1289 4014 1645 4068 examinandis
1694 4001 1887 4067 multos
1927 4011 2037 4081 jam
2092 4015 2469 4069 consumsimus

154 4122 338 4159 annos
415 4103 538 4168 Quae
575 4105 629 4155 in
666 4103 763 4155 hoc
799 4100 1048 4171 opusculo
1085 4102 1432 4165 enuntiamus,
1460 4100 1669 4154 assiduo
1695 4099 1868 4152 studio
1893 4100 2256 4154 collectionum
2280 4103 2470 4155 vastis-

154 4194 409 4246 simarum
445 4191 698 4244 nituntur.
756 4178 802 4241 Ε
835 4186 1111 4257 permultis
1148 4189 1418 4258 speciebus
1455 4189 1631 4258 plures
1668 4187 2009 4256 speciminum
2045 4189 2309 4241 centurias
2344 4208 2472 4244 una-

154 4297 364 4350 quaque
411 4278 611 4331 ratione
662 4274 1043 4344 (microscopiO,
1090 4276 1375 4344 reagentiis
1420 4292 1463 4329 e.
1511 4292 1550 4327 s.
1600 4279 1677 4343 p.)
1734 4277 1974 4326 accurate
2023 4274 2472 4344 investigavimus,

156 4368 271 4432 Quo
297 4366 472 4420 labore
499 4365 754 4435 occupati,
795 4366 1001 4416 nostras
1027 4361 1090 4414 de
1117 4363 1393 4430 reaqentiis
1418 4361 1653 4414 chemicis
1672 4361 1782 4429 jam
1808 4377 1962 4430 supra
1986 4378 2254 4431 expressas
2280 4369 2352 4431 (p.
2374 4363 2471 4428 ΙΙΙ,

155 4455 226 4507 58
264 4457 320 4507 et
355 4460 526 4520 sequ.)
563 4452 833 4521 opiniones
870 4447 1079 4502 omnino
1111 4449 1355 4518 probatas
1379 4447 1686 4501 invenimus.
1743 4446 1966 4500 Maxime
1991 4448 2299 4502 vacillantes
2325 4453 2475 4503 notas

153 4540 550 4612 hypochlorites
595 4526 815 4593 calc'icns
861 4520 1053 4607 (Cael)
1106 4536 1248 4588 visus
1295 4535 1377 4586 est
1426 4533 1566 4600 dare,
1627 4536 1718 4591 sed
1764 4533 1926 4587 etiam
1974 4532 2179 4589 acidum
2226 4535 2475 4588 uitricum

2272 4619 2339 4671 22
