3177 5011
1290 353 1414 418 549

192 505 531 578 graculorum
566 507 970 564 incoloratorum
1009 508 1182 578 copia,
1222 507 1398 578 qualia
1434 507 1597 563 etiam
1643 507 1696 561 in
1734 505 1969 577 pluribus
2004 508 2124 564 aliis
2162 509 2507 565 varietatibus

192 595 311 665 plus
357 597 529 650 minus
573 613 846 651 numerosa
889 600 1111 651 exstant.
1149 625 1211 635 —
1252 594 1493 650 Formam
1541 599 1719 649 crusta
1766 596 2136 662 crassiuscula,
2177 599 2345 668 magis
2381 598 2505 652 inoe-

192 683 359 752 quali,
395 683 666 747 rimulosa,
707 685 1053 754 paraphysum
1090 681 1325 753 apicibus
1361 683 1575 753 pulchre
1613 681 2062 737 caerulescentibus
2086 685 2413 739 recedentem
2441 684 2507 738 ad

195 772 416 826 cortices
465 771 594 841 Fagi
642 776 697 825 in
743 771 1021 842 Blekingia
1055 770 1274 840 (Tving)
1311 770 1444 840 legit
1480 769 1544 823 Η.
1583 768 1733 823 Falk.
1776 801 1837 809 -—-
1876 770 2077 827 Formae
2114 774 2254 828 inter
2292 772 2334 836 ζ.
2373 776 2429 827 et
2465 796 2503 825 ι.

192 857 378 911 rnediae
415 858 952 937 suisnlociscopiosae.
1026 856 1208 923 Qualis
1245 860 1328 911 est
1368 859 1427 909 L.
1467 858 1805 912 eloeochroma
1842 858 1908 911 A.
1947 857 2126 913 Smrft.
2166 876 2267 915 exa
2307 877 2359 913 n.
2389 858 2506 921 129,

193 947 256 997 L.
302 946 630 1001 enteroleuca
675 966 718 1016 γ.
769 946 1108 1000 elaeochroma
1153 943 1240 997 Fr.
1298 944 1419 999 Vet.
1459 944 1552 997 Ak.
1593 943 1785 997 Handl.
1828 944 1960 998 1822
1997 963 2049 1016 p.
2088 947 2189 1001 261
2228 965 2269 1001 ε.
2310 949 2371 999 L.
2403 964 2507 1016 pa-

192 1049 403 1089 rasema
455 1049 503 1087 υ.
551 1033 888 1088 elaeochroma
932 1033 1051 1103 Nyl.
1099 1030 1280 1085 Scand.
1328 1049 1374 1102 p.
1428 1033 1529 1085 217
1577 1032 1754 1085 crusta
1798 1034 1967 1096 tenui,
2013 1035 2218 1089 sordide
2254 1033 2506 1096 flavente.

193 1121 481 1176 virescente
520 1137 564 1173 v.
603 1119 1193 1183 flavido-cinerascente,
1239 1106 1311 1174 Ca
1326 1105 1389 1174 (31
1427 1120 1675 1190 rubente,
1719 1106 1769 1175 1'(
1837 1121 2154 1189 lutescent03
2218 1123 2508 1192 apotheciis

193 1206 351 1260 citius
386 1208 625 1261 convexis
661 1207 1174 1277 immarginatisque‚
1214 1206 1595 1276 nigricantibus
1631 1225 1680 1262 v.
1720 1209 1934 1263 obscure
1970 1208 2351 1264 rufescentibus
2388 1210 2507 1264 sub-

193 1294 576 1363 aeruginosisve.
655 1292 848 1347 Eadem
888 1297 1062 1347 crusta
1099 1295 1268 1364 magis
1303 1296 1659 1350 cinerascentc
1697 1299 1778 1349 est
1813 1301 1866 1366 β.
1904 1293 2241 1349 σιεηιῖεεοεηε
2275 1295 2358 1349 Fr.
2392 1295 2507 1349 Vet.

193 1380 293 1436 Ak.
349 1380 538 1435 Handl.
600 1380 735 1432 1822
773 1400 823 1452 p.
863 1382 982 1435 261.
1056 1382 1220 1436 Linea
1257 1382 1623 1452 hypothallina
1658 1383 1809 1451 nigra
1844 1380 2165 1436 circumdata
2201 1385 2282 1435 est
2319 1384 2379 1436 L.
2399 1400 2507 1451 pa-

190 1484 401 1522 ras-ema
447 1487 497 1519 α.
549 1468 775 1520 limitata
820 1467 948 1522 Ach.
995 1467 1149 1523 Univ.
1198 1487 1246 1539 p.
1294 1470 1395 1522 175
1442 1469 1555 1538 (cfr.
1612 1469 1751 1524 infra
1785 1470 1881 1524 sub
1918 1468 2138 1523 Buelh‘a
2165 1471 2508 1537 para-sema),

192 1553 312 1624 Nyl.
369 1553 552 1607 Scand.
608 1572 655 1624 p.
714 1555 835 1608 217.
909 1554 1160 1621 Qualibus
1214 1556 1366 1610 lineis
1420 1556 1685 1612 interdum
1740 1556 1890 1611 valde
1936 1560 2019 1610 est
2055 1558 2326 1627 variegata
2362 1558 2508 1611 etin

190 1658 339 1694 areas
375 1657 564 1712 parvas
601 1640 784 1695 divisa.

333 1744 383 1806 1)
420 1744 611 1798 Crusta
654 1766 699 1798 κ.
747 1746 942 1801 dolosae
985 1733 1060 1801 Ca
1074 1734 1138 1802 (31
1177 1747 1424 1804 distincte
1462 1748 1718 1809 rubescit,
1768 1731 1817 1801 1‘(
1860 1764 1959 1802 non
2009 1745 2235 1816 tingitur
2291 1764 2337 1800 v.
2399 1764 2508 1801 sor-

193 1830 314 1885 dide
351 1831 580 1885 lutescit.
653 1832 945 1902 Apothecia
978 1836 1168 1893 0,5-8
1208 1853 1328 1888 ιιιιιι.
1365 1835 1492 1889 lata.
1531 1867 1599 1877 —
1637 1834 1716 1889 Ab
1754 1835 1851 1889 hac
1887 1834 1996 1888 fere
2032 1834 2241 1887 omnino
2280 1851 2380 1888 non
2406 1833 2508 1889 dif-

192 1918 298 1972 fert
351 1917 577 1972 Lecidea
621 1919 945 1987 pulveracea
989 1920 1107 1974 Flk.
1154 1924 1237 1989 (L.
1289 1922 1416 1975 alba
1463 1921 1746 1986 Schleich.,
1786 1922 1937 1992 Hepp
1975 1937 2023 1974 n.
2063 1922 2193 1986 251;
2233 1923 2510 1977 Lecanora

191 2006 344 2059 varia
399 2013 454 2077 β.
513 2006 792 2074 deniyrata
847 2006 1034 2062 Schoer.
1093 2026 1193 2062 exs.
1234 2027 1282 2062 ιι
1324 2010 1457 2074 327;
1498 2010 1734 2063 Biatora
1769 2009 2048 2078 denigrata
2084 2007 2241 2061 K6rb.
2280 2008 2414 2078 SJst.
2455 2027 2508 2079 p.

192 2093 334 2162 199).
409 2093 603 2147 Differt
638 2098 813 2146 crusta
848 2095 1018 2164 magis
1055 2094 1306 2150 farinoso-
1285 2096 1698 2166 -pulverulenta‚
1747 2094 2040 2166 apotheciis
2083 2095 2259 2165 paullo
2296 2096 2510 2150 minori-

189 2181 301 2235 bus.
376 2179 567 2234 Crusta
610 2166 684 2234 Ca
703 2168 763 2233 Cl
813 2180 930 2249 plus
978 2182 1150 2235 minus
1195 2182 1445 2238 distincte
1491 2183 1699 2238 rubenti
1707 2183 1971 2247 -lutescit;
2011 2183 2330 2253 paraphyses
2364 2184 2509 2253 apice

192 2267 457 2337 fuliginem
494 2283 539 2321 v.
579 2266 937 2336 smaragdulae.
1007 2268 1161 2339 Apud
1209 2286 1303 2323 nos
1340 2269 1479 2323 lecta
1512 2275 1596 2323 est
1631 2269 1697 2324 ad
1733 2286 1934 2324 asseres
1971 2272 2207 2324 vetustos
2242 2287 2320 2340 pr.
2360 2269 2511 2324 Lund

192 2355 276 2424 (E.
317 2354 460 2423 Fr.),
496 2354 563 2408 ad
599 2353 773 2423 Myrs6
811 2353 1104 2410 Gotlandiae
1141 2356 1222 2421 (F.
1260 2356 1497 2425 Laurer).

332 2459 403 2529 K)
448 2459 510 2513 In
556 2458 598 2513 λ.
640 2473 936 2514 musco-rum
973 2462 1149 2515 crusta
1185 2458 1602 2529 conglomerato—
1639 2476 1684 2514 v.
1721 2460 2281 2533 disperso-verrucosa,
2320 2447 2370 2516 Κ
2395 2461 2511 2533 plus

193 2547 369 2600 minus
406 2546 691 2606 lutescens‚
730 2533 805 2601 Ca
824 2536 886 2602 (21
923 2564 1024 2601 non
1061 2549 1279 2601 mutata.
1361 2547 1655 2618 Apothecia
1688 2550 1935 2610 0.5-1,5
1974 2564 2094 2620 min.
2135 2548 2259 2602 lata.
2331 2548 2511 2619 Hypo·

192 2634 426 2686 thecium
489 2632 803 2697 fulvescens‚
859 2633 1172 2689 fuscidulum
1221 2651 1268 2686 v.
1307 2632 1766 2688 subincoloratum.
1840 2633 2168 2703 Paraphyses
2203 2636 2350 2705 apice
2387 2636 2511 2689 fuli-

190 2720 359 2790 giueae
406 2737 456 2772 v.
509 2721 1146 2791 smaragdum-fuliginem.
1221 2721 1489 2776 Recedcns
1526 2722 1695 2776 forma
1727 2724 1902 2775 crusta
1938 2721 2512 2778 fuscidulo-lutescente

193 2825 351 2877 supra
405 2808 643 2878 caespites
696 2812 1056 2877 putrescentes
1113 2811 1410 2877 terramque
1457 2811 1512 2863 in
1557 2808 1740 2862 Warn6
1778 2807 2068 2878 Blekingiae
2104 2807 2192 2873 (H.
2231 2807 2403 2870 Falk).
2447 2841 2508 2848 —-

193 2896 312 2948 Var.
351 2916 407 2963 μ.
446 2896 721 2962 oeruyineae
758 2901 932 2950 crusta
978 2897 1166 2957 effusa,
1214 2894 1265 2949 K
1300 2896 1585 2960 lutescenS,
1627 2883 1702 2950 Ca
1720 2882 1784 2949 61
1818 2897 1961 2949 intus
1998 2895 2187 2950 leviter
2222 2897 2513 2950 rubescens.

195 2982 486 3052 Apothecia
537 2983 728 3046 0‚3—⁵
780 2998 901 3035 mm.
951 2983 1075 3036 lata.
1158 2982 1294 3037 Jodo
1329 2985 1436 3037 asci
1473 2982 1582 3038 fere
1621 2983 1719 3036 soli
1755 2985 2054 3046 mutantur,
2093 2982 2262 3051 primo
2301 2983 2511 3037 caerule-

194 3073 374 3133 scunt,
434 3069 554 3123 dein
603 3069 879 3123 subvinose
925 3069 1206 3124 rubescunt
1251 3069 1613 3125 fulvescuntve
1651 3071 1909 3141 (apicibus
1946 3069 2214 3139 caeruleis).
2286 3069 2514 3124 Habitus

193 3157 301 3212 fere
339 3159 398 3209 L.
438 3158 808 3212 madescentis.

336 3279 449 3333 obs.
486 3278 535 3330 2.
607 3277 883 3337 Rationem,
919 3293 1011 3330 cur
1047 3291 1232 3330 nomen
1260 3291 1562 3344 parasemae
1598 3275 1652 3329 h.
1691 3275 1728 3328 l.
1771 3290 1874 3328 non
1912 3276 1995 3339 (ut
2028 3274 2145 3329 vult
2181 3275 2276 3329 cel.
2314 3275 2513 3345 Nylan-

196 3362 313 3434 der)
365 3364 437 3416 sit
490 3361 809 3425 adhibitum,
865 3363 961 3416 sub
1008 3364 1230 3417 Ruellia
1256 3379 1550 3430 para-sema
1586 3362 1878 3415 afferemus
1950 3361 2128 3415 Etiam
2165 3363 2365 3417 minore
2397 3363 2514 3432 jure

197 3450 281 3519 (ut
318 3450 418 3518 ipsi
455 3466 658 3518 quoque
695 3453 851 3503 antea
887 3448 1127 3518 fecimus)
1165 3448 1265 3502 huc
1302 3447 1511 3502 ducitur
1546 3448 1612 3501 L.
1650 3449 1977 3502 enter-oleum
2014 3467 2066 3502 α.
2106 3450 2234 3504 Ach.
2272 3448 2427 3505 Univ.
2464 3468 2514 3520 p.

199 3538 329 3599 177,
370 3553 490 3590 narn
529 3536 664 3594 haec.
703 3541 765 3589 ut
800 3536 1161 3591 demonstrant
1199 3537 1485 3606 specimina
1520 3535 1709 3605 origin.
1749 3535 1983 3609 insherb.
2008 3534 2164 3600 Ach„
2201 3539 2410 3590 omnino
2436 3540 2517 3591 est

199 3623 420 3677 Buellia
457 3622 722 3676 Re‘casolii
753 3624 906 3676 Mass
955 3622 1280 3678 (Patellaria
1315 3624 1484 3676 nezlaeta
1520 3621 1641 3690 Nyl.
1680 3622 1857 3692 Alget.
1898 3637 1945 3692 p.
1985 3623 2136 3694 344),
2176 3622 2517 3679 Scleroliche-

199 3711 352 3764 nibus
387 3709 794 3764 adnumeranda.
870 3710 1000 3763 Huic
1039 3709 1094 3762 in
1129 3710 1250 3779 Syn.
1286 3727 1336 3778 p.
1376 3710 1442 3762 19
1479 3707 1720 3777 adjunxit
1755 3713 1818 3762 L.
1858 3710 2140 3764 elabentem
2165 3712 2220 3763 et
2243 3711 2516 3764 elaeoclzro-

199 3816 340 3852 mam
393 3801 505 3861 θ.,·
537 3796 875 3852 Catium-iam
932 3803 1382 3866 atropurpuream
1428 3797 1690 3866 aliamque
1741 3796 1974 3864 ejusdem
2020 3798 2226 3866 generis
2262 3798 2516 3851 exoticam

202 3885 428 3954 speciem
466 3890 566 3937 cet.
645 3885 904 3938 Dubitans
952 3885 1072 3938 dein
1118 3885 1172 3937 in
1219 3884 1362 3937 herb.
1408 3884 1511 3938 huc
1549 3883 1733 3938 retulit
1771 3883 2057 3938 Bacidiam
2090 3885 2424 3952 vermtferam
2463 3889 2519 3938 et

202 3973 493 4034 acer-lnam,
550 3971 858 4024 Bilimbiam
911 3972 1222 4025 milliarium
1277 3991 1329 4026 α.
1387 3971 1719 4039 liqniariam,
1774 3971 2048 4025 Lecideam
2096 3972 2425 4039 xylophilam
2473 3988 2515 4024 e.

204 4077 244 4112 S.
284 4077 330 4129 p.
372 4089 433 4098 —
474 4057 537 4110 L.
577 4059 900 4112 muteroleuca
935 4063 988 4126 ῥ’.
1023 4059 1359 4126 yrandinosa
1404 4058 1534 4111 Ach.
1575 4058 1728 4112 Univ.
1774 4075 1825 4127 p.
1874 4059 1975 4111 177
2014 4059 2262 4128 primaria
2297 4060 2377 4111 est
2416 4057 2518 4111 Ca-

203 4147 410 4200 tillaria
447 4145 680 4199 tricolor.
733 4178 797 4187 —
841 4146 907 4198 L.
947 4145 1285 4201 eloeochroma
1321 4144 1451 4199 Ach.
1491 4144 1613 4214 Syn.
1652 4164 1700 4216 p.
1740 4145 1808 4198 18
1844 4147 1929 4213 (L.
1958 4161 2251 4214 para-sema
2286 4149 2337 4214 β.
2376 4145 2520 4213 ela-o-

203 4231 416 4287 chroma
452 4232 613 4286 Meth.
653 4251 700 4302 p.
739 4233 837 4299 36,
872 4233 988 4287 vet.
1017 4233 1114 4286 ΑΒ.
1146 4233 1332 4287 Haudl.
1373 4232 1511 4286 1808
1546 4250 1597 4302 p.
1633 4232 1763 4295 259,
1802 4232 1954 4286 Univ.
1992 4248 2041 4301 p.
2080 4233 2206 4301 175)
2231 4249 2329 4285 sec.
2356 4232 2521 4301 ipsius

208 4320 350 4375 herb.
396 4324 478 4374 est
525 4321 572 4382 ζ.
617 4320 876 4380 uchri-sta,
917 4340 950 4370 ι.
993 4319 1263 4388 flam‘cans
1297 4319 1578 4389 formaeque
1614 4320 1753 4373 inter
1788 4318 1883 4372 has
1919 4319 2127 4372 rnedioe.
2164 4319 2317 4371 unico
2353 4317 2520 4386 speci-

208 4410 346 4462 mine
383 4409 612 4461 Ruellioe
639 4423 940 4475 parasmnoe
983 4405 1202 4460 fortuito
1247 4407 1500 4460 immixto.
1573 4405 1679 4460 Sub
1717 4408 1922 4459 nornine
1961 4405 2056 4458 ”L.
2095 4403 2435 4457 elaeoclzroma
2469 4408 2521 4472 β.

207 4496 453 4564 εῃννῆεα”
491 4495 641 4549 adest
677 4493 1051 4562 Rhaeocarpon
1075 4495 1434 4563 applanatum
1461 4493 1870 4562 lignicolun1.—
1896 4492 2124 4545 Leciclea
2161 4491 2372 4558 latypea
2396 4491 2522 4543 Ach.

201 4581 760 4672 bietli.(L.lc1p1cida
807 4601 851 4650 γ.
907 4581 1118 4651 latypea
1162 4580 1281 4634 vet.
1319 4580 1414 4633 Ak
1455 4579 1645 4634 Haudl.
1687 4581 1824 4633 1808
1861 4598 1908 4650 p.
1950 4581 2074 4639 232,
2112 4576 2267 4631 Univ.
2306 4595 2352 4646 p
2392 4577 2521 4640 160,

2319 4665 2387 4717 36
2500 4714 2512 4734 ,
