3177 5011
1286 354 1408 423 509

195 516 594 601 Herjedaliae:
654 516 844 597 idem)
903 518 1084 601 atque
1145 515 1470 600 Norveqioe
1521 514 1783 600 (pluribi
1844 513 2009 578 circa
2066 505 2499 576 Christianiam

196 622 276 686 ad
342 621 538 685 latera
603 620 846 704 rupium
903 622 1237 704 praerupta:
1301 621 1376 684 N.
1434 619 1508 685 G.
1566 619 1760 701 Moe).
1853 615 2060 680 Minus
2106 613 2397 677 distincta
2439 611 2502 675 in

196 724 440 807 alpibus
488 724 902 788 Dovrensibus
948 723 1055 798 (N.
1105 724 1171 787 O.
1218 723 1604 807 Kindberg).
1652 720 1740 784 St.
1788 718 1983 784 Molla
2011 718 2124 781 ins.
2160 715 2500 780 Losodden-

194 828 352 890 sium
401 828 466 891 et
508 825 583 891 ad
631 823 980 890 Gildeskaal
1032 825 1424 890 Nordlandiae
1487 826 1578 906 (J.
1639 824 1724 888 Μ.
1788 819 2114 903 Norman).
2165 854 2241 865 ——
2289 818 2505 882 Altera

199 929 807 1015 (flavoccerulescens
874 929 1202 1012 Hornem.)
1259 930 1322 993 in
1378 929 1620 1012 alpibus
1679 923 2080 1009 granitoideis
2138 921 2500 1002 Norveyioe‚

201 1032 475 1108 swelce,
522 1031 813 1108 Fenniae,
861 1031 1211 1113 Lapponiae
1255 1032 1587 1096 orientalis
1633 1029 1861 1113 passim
1906 1027 2105 1109 viget,
2152 1025 2312 1090 haud
2364 1042 2502 1089 raro

195 1136 445 1201 steriliS.
537 1132 759 1198 Crusta
802 1135 986 1216 vulgo
1034 1134 1192 1199 ferro
1239 1136 1463 1209 tincta3
1520 1132 1765 1197 omnino
1810 1129 2101 1195 normalis
2149 1129 2279 1193 visa
2320 1128 2503 1192 modo

198 1258 230 1302 e
278 1237 487 1303 Salten
534 1236 926 1301 Nordlandiae
972 1237 1249 1322 (Smrft.)
1297 1241 1357 1303 et
1401 1238 1802 1302 Mortensnaes
1848 1231 2235 1298 Finmarkiae.

341 1373 402 1426 In
457 1376 643 1427 neutra
686 1372 854 1426 forma
900 1374 1169 1443 reagentia
1214 1373 1371 1426 solita
1414 1374 1638 1427 colorem
1688 1370 1955 1425 insolitum
1994 1371 2301 1440 provocant3
2341 1369 2503 1422 inter·
2540 1369 2551 1385 ‘

196 1460 317 1513 dum
355 1463 531 1513 tamen
577 1446 627 1513 K
687 1463 862 1514 crusta
915 1459 1220 1515 indistincte
1275 1461 1503 1515 lutescit.
1577 1458 1871 1529 Apothecia
1922 1457 1988 1512 ad
2033 1458 2065 1509 2
2116 1471 2236 1509 mm.
2294 1454 2404 1507 lata
2456 1469 2502 1505 v.

193 1547 370 1618 paullo
426 1545 579 1600 ultra.
671 1545 977 1617 Excipulnm
1033 1548 1309 1617 nigricans.
1386 1546 1772 1617 Hypothecium
1824 1561 2080 1604 crassum.
2133 1540 2503 1607 fusconigrum.

196 1633 524 1704 Paraphyses
559 1631 884 1701 gracilentae‚
923 1632 1644 1704 gelatinoso-conglutinatae,
1682 1634 1885 1703 apicem
1922 1648 2100 1687 versus
2138 1629 2501 1686 fuscescentes.

195 1718 821 1789 smaragdum-fuligineae
858 1736 904 1770 v.
941 1718 1406 1789 fuligineo·fuscoe,
1443 1721 1706 1791 epithecio
1741 1719 2019 1788 granuloso
2055 1717 2172 1788 plus
2209 1715 2381 1768 minus
2423 1712 2502 1765 di-

194 1807 390 1861 stincto
425 1808 595 1860 tectae.
671 1806 792 1860 Asci
829 1805 1249 1860 inflato-clavati.
1309 1810 1481 1877 Sporae
1514 1807 1748 1877 oblongae
1774 1823 1819 1859 v.
1847 1804 2178 1875 ellipsoideae,
2204 1804 2500 1870 (Low-25

193 1910 317 1947 mm.
364 1892 532 1962 longae
581 1894 637 1946 et
688 1893 988 1962 Quor—10
1046 1910 1167 1947 mm.
1225 1910 1426 1947 crassae.
1499 1893 1633 1949 Jodo
1688 1895 1891 1948 intense
1936 1891 2235 1947 caerulescit.
2305 1875 2356 1941 K
2401 1904 2503 1941 non

196 1983 447 2034 mutatur.
520 1978 695 2032 Etiam
733 1976 851 2048 ΝΟ,
888 1995 989 2033 non
1026 1983 1262 2033 mutatur
1309 1979 1392 2033 vel
1428 1979 1544 2048 plus
1580 1980 1753 2034 minus
1789 1980 1844 2033 in
1881 1977 2350 2034 roseo-violaceum
2388 1992 2503 2028 ver-

190 2066 289 2135 git.
360 2064 653 2135 Spermatia.
689 2065 997 2134 cylindrica‚
1037 2068 1181 2120 recta
1217 2064 1442 2134 (Mudd).

334 2169 444 2222 oss.
486 2169 530 2222 1.
603 2167 794 2223 Forma
846 2170 1038 2238 alpina
1090 2168 1276 2223 Schaer.
1333 2168 1511 2240 spicil.
1570 2171 1722 2239 (Anz.
1771 2136 1843 2224 m?
1889 2187 1927 2223 r.
1966 2169 2093 2233 298)
2128 2185 2160 2221 a
2196 2166 2363 2221 forma
2398 2163 2504 2234 pri·

191 2255 389 2323 maria,
425 2253 564 2324 apud
600 2271 692 2309 nos
729 2255 956 2310 nondum
994 2256 1130 2318 visa,
1169 2256 1367 2310 recedit
1402 2257 1693 2326 apotheciis
1729 2256 2046 2325 majoribus»,
2081 2254 2317 2315 elevatis,
2366 2268 2502 2306 mar·

191 2344 314 2413 gine
360 2340 615 2395 flexuosis.
689 2339 877 2397 Crusta
926 2360 1059 2413 saepe
1106 2341 1596 2406 suboleoso-nitida‚
1643 2361 1758 2398 raro
1806 2344 1940 2398 ferro
1989 2342 2218 2397 colorata
2259 2341 2331 2408 (V.
2368 2355 2410 2392 c.
2449 2339 2502 2391 in

196 2428 563 2482 Funnesdalen
581 2468 596 2495 ‚
633 2427 848 2494 Dovre).
892 2459 938 2467 -—
991 2429 1180 2483 Forma
1197 2432 1684 2499 flavocaeruleecena
1709 2430 1950 2484 Homem.
1977 2427 2161 2483 habitu
2185 2425 2504 2497 elegantiore

193 2516 419 2574 recedit,
456 2516 746 2585 apotheciis
782 2517 1013 2577 esinatis,
1054 2519 1284 2572 tenuiter
1321 2520 1580 2589 pruinatis
1602 2559 1614 2581 ,
1651 2518 1916 2572 interdum
1951 2516 2243 2572 denudatis.
2318 2512 2508 2568 Crusta

195 2607 314 2656 tota
364 2619 414 2655 v.
470 2603 772 2656 maculatim
829 2603 964 2658 ferro
1010 2605 1240 2659 colorata
1284 2604 1420 2658 flava
1467 2622 1516 2657 v.
1553 2603 1831 2659 rufescenS.
1904 2604 2025 2659 Jam
2062 2602 2369 2658 observante
2406 2601 2502 2654 cel.

196 2688 397 2744 Arnold
430 2689 612 2753 (Flora
648 2689 782 2743 1871
822 2707 871 2760 p.
910 2691 1034 2756 154)
1071 2692 1208 2744 inter
1246 2690 1553 2760 ”Oxydatas”
1591 2691 1784 2745 formas
1808 2691 1872 2744 L.
1900 2706 2257 2759 macrocaaepae
2279 2692 2336 2743 et
2359 2688 2507 2741 albo·

195 2778 579 2832 coeruzescentnzs
613 2777 812 2832 limites
845 2778 1057 2831 omnim
1084 2779 1309 2847 frustra
1342 2784 1675 2847 quaeruntur.

338 2883 449 2937 01η.
488 2881 538 2935 2.
611 2880 836 2936 Leeidea
881 2882 1343 2937 albocaerulescena
1391 2882 1521 2936 Ach.
1560 2882 1724 2937 Meth.
1763 2899 1810 2952 p.
1853 2882 1947 2943 52.
1988 2880 2106 2935 Vet.
2160 2880 2255 2935 Ak.
2307 2877 2499 2932 Handl.

196 2969 335 3022 1808
370 2987 418 3039 p.
461 2968 592 3031 264,
631 2968 783 3024 Univ.
822 2987 870 3040 p.
910 2970 1013 3023 188
1049 2974 1179 3035 (α.),
1217 2968 1337 3038 Syn.
1384 2985 1433 3038 p.
1471 2970 1538 3022 29
1574 2971 1649 3038 (α.
1689 2986 1740 3039 ρ.
1780 2970 1853 3039 p.)
1889 2984 1951 3022 ex
1986 2967 2153 3038 ipsius
2189 2967 2332 3021 herb.
2358 2982 2498 3020 com·

195 3058 371 3127 posita
407 3059 488 3110 est
523 3072 552 3111 e
589 3072 709 3110 vero
747 3057 969 3112 Lichene
1001 3057 1485 3111 albocoerulescente
1520 3056 1678 3110 Wulf.
1716 3058 1768 3110 in
1804 3055 1950 3125 Jacq.
1986 3054 2119 3109 Con.
2156 3053 2206 3107 11
2235 3053 2426 3123 (1788)
2453 3070 2500 3122 p.

200 3144 329 3206 184,
367 3142 402 3196 f.
441 3143 634 3211 alpina
672 3143 857 3197 Schaer.
898 3147 954 3199 et
991 3145 1334 3211 Acarospora
1363 3143 1727 3213 qlauoocarpa
1762 3149 1815 3213 β.
1852 3157 2150 3210 conspersa.
2194 3171 2255 3180 -
2293 3139 2361 3194 L.
2392 3139 2501 3208 fla·

195 3230 598 3284 vocaerulescens
645 3229 771 3283 Ach.
827 3227 944 3298 Syn.
995 3247 1046 3299 p.
1083 3231 1150 3282 23
1187 3228 1252 3283 ab
1289 3230 1381 3283 ino
1417 3246 1697 3299 numquam
1735 3231 1850 3282 erat
1885 3228 2023 3290 visa,
2064 3226 2155 3281 aed
2191 3227 2381 3280 nititur
2417 3226 2499 3280 Fl.

197 3317 329 3370 Dan.
378 3322 415 3368 t.
467 3316 601 3368 1431
650 3315 683 3368 f.
735 3317 766 3369 1
814 3315 1051 3369 habitum
1099 3316 1286 3370 eximie
1334 3318 1670 3386 exprimente.
1743 3314 1938 3367 Eadem
1976 3316 2058 3366 est
2091 3313 2154 3368 L.
2189 3313 2506 3383 flam'cunda

199 3402 326 3455 Ach.
383 3398 537 3454 Univ.
586 3419 632 3470 p.
693 3403 820 3462 166,
867 3401 989 3470 Syn.
1039 3419 1090 3471 p.
1139 3402 1231 3462 22,
1277 3401 1454 3456 Smrft.
1493 3402 1655 3473 Suppl
1709 3419 1768 3471 p.-
1800 3401 1915 3455 146.
1984 3389 2049 3454 'In
2085 3399 2231 3453 Lich.
2269 3399 2414 3452 Aret.
2453 3417 2503 3469 p.

201 3489 305 3540 208
359 3487 493 3541 latet
546 3487 704 3540 etiam
757 3487 852 3540 sub
907 3487 975 3540 L.
1025 3488 1330 3557 confluente.
1405 3489 1449 3541 A
1486 3488 1606 3558 Nyl.
1645 3488 1942 3543 nominatur
1977 3486 2040 3539 L.
2081 3487 2423 3555 *mesospora
2450 3487 2505 3554 s.

192 3573 512 3645 fleme-unda
548 3573 669 3626 Not.
707 3573 891 3627 Sallsk.
928 3591 976 3644 p.
1014 3574 1073 3627 F.
1110 3578 1165 3628 et
1201 3573 1279 3627 Fl.
1317 3574 1376 3628 F.
1416 3574 1569 3628 Fiirh.
1610 3574 1739 3628 XIII
1776 3593 1823 3644 p.
1863 3575 1981 3628 339.
2037 3572 2277 3627 Vidimus
2301 3589 2504 3642 quoque

200 3662 485 3732 specimina
539 3660 604 3714 ab
650 3660 743 3713 illo
791 3659 1138 3714 determinata
1181 3661 1273 3714 '’L.
1328 3662 1564 3730 lapicida
1597 3678 1711 3715 var.
1748 3660 1972 3714 eilaoea”
2011 3663 2067 3714 et
2103 3659 2198 3713 ”L.
2235 3660 2508 3729 confluens

198 3766 313 3803 var.
351 3747 691 3802 ochromela.”
734 3778 793 3786 —
834 3747 1008 3800 Etiam
1044 3746 1108 3800 L.
1146 3748 1419 3817 confluens
1453 3769 1496 3818 y.
1535 3749 1827 3802 ochi-omem
1864 3748 1990 3802 Ach.
2030 3745 2183 3801 Univ.
2224 3766 2270 3817 p.
2312 3749 2413 3801 174
2438 3747 2504 3801 ad

202 3835 266 3890 L.
305 3835 805 3890 albocoemzescenm
837 3834 1032 3887 formas
1068 3834 1260 3888 ferrose
1298 3835 1493 3889 tinctas
1529 3853 1623 3907 pro
1658 3838 1807 3906 parte
1842 3835 2089 3905 pertinet.

881 4083 969 4112 *¹⁶¹*
996 4085 1059 4142 L.
1104 4080 1633 4143 CINEREOATRA
1680 4084 1820 4142 Ach.

374 4254 597 4321 Crusta
638 4253 821 4335 vulyo
868 4255 1102 4331 tenuis,
1148 4255 1446 4332 tartarea,
1494 4253 1782 4336 primitus
1838 4252 2155 4335 contigua,
2215 4251 2353 4316 dein
2410 4254 2504 4315 te-

203 4359 496 4424 nuissime
560 4358 851 4422 rimulosa
927 4357 1022 4420 vel
1092 4356 1481 4422 verruculosa
1549 4356 2009 4421 subareolatave
2033 4406 2048 4434 ‚
2114 4355 2333 4419 albida
2411 4354 2507 4419 vel

201 4462 886 4546 ylaueo-cinerascens‚
954 4458 1313 4546 hypothallo
1366 4460 1544 4543 nigro
1592 4460 1776 4542 vulgo
1834 4459 2137 4532 obsolet03
2193 4458 2509 4543 apothecia

191 4586 406 4650 paxva
427 4613 441 4642 ,
509 4564 855 4630 subinnata
908 4564 1321 4651 adpressave,
1376 4563 1662 4649 primitus
1718 4583 2017 4643 concava,
2065 4562 2205 4628 dein
2236 4561 2506 4645 planiu-
