3177 5011
1354 320 1477 386 369

259 489 546 546 synonyma
599 474 692 531 cel.
747 474 1036 547 Nylanderi
1090 475 1228 546 qnod
1280 476 1503 538 attinet,
1562 475 1748 530 multis
1792 473 2197 531 difficultatibus
2233 473 2341 528 haee
2377 489 2459 528 res
2496 473 2578 526 est

259 562 492 618 obnoxia.
567 562 629 617 In
663 565 847 633 primis
884 565 1024 618 enim
1062 564 1274 634 seriptis
1310 563 1694 619 diversissimas
1730 564 1931 634 species
1964 562 2265 642 ,conjunxin
2305 577 2419 616 eam
2456 576 2573 614 sen·

256 650 481 703 tentiam
516 652 631 704 tum
669 652 816 705 enixe
852 651 1162 713 demadem,
1200 668 1336 705 nune
1371 651 1427 704 in
1464 650 1760 721 speciebus,
1799 650 2195 721 subspeciebus‚
2232 649 2578 703 varietatibus

257 735 542 806 formisque
597 737 983 808 distinguendis
1037 737 1245 808 longius
1299 754 1457 807 quam
1504 738 1643 790 ullus
1690 738 1826 792 alius
1872 741 1956 792 est
2002 754 2319 808 progressus
2392 735 2578 804 Neque

262 822 417 878 facile
451 824 686 879 invenies
720 823 851 879 duos
884 825 948 879 ab
982 825 1074 879 illo
1107 825 1429 894 conscriptos
1466 823 1656 889 libroS,
1687 825 1773 880 :tbi
1797 825 2006 880 easdem
2033 825 2302 894 opiniones
2326 823 2581 878 enuntiet.

399 925 511 983 obs·
548 930 596 983 4.
670 929 1035 999 Homonymon
1084 933 1257 984 exstat
1300 928 1670 998 antiquiusque
1722 927 2086 982 Oxalidearum
2132 944 2295 998 genus
2333 925 2581 991 (Bizimbi

264 1012 444 1074 Endl,
483 1013 739 1069 Bilimbia
775 1016 1081 1080 Reichenb.)
1126 1016 1346 1085 ideoque
1390 1015 1654 1069 lichenum
1700 1015 1881 1087 generi
1927 1016 2167 1070 additum
2203 1030 2391 1070 nomen
2434 1013 2574 1068 Wei-

263 1100 550 1154 tenwebera
605 1101 750 1171 Opiz.
824 1103 925 1158 Sed
970 1105 1133 1158 etiam
1177 1103 1223 1156 si
1269 1104 1546 1158 Averrhoa
1591 1102 1706 1157 Lin.
1753 1104 1809 1156 in
1853 1103 1957 1157 dua
1997 1119 2188 1172 genera
2222 1107 2306 1157 est
2340 1100 2579 1155 dividen-

262 1185 358 1248 da,
417 1185 480 1241 de
530 1204 633 1255 qua
677 1206 732 1243 re
779 1190 994 1244 minime
1040 1190 1374 1245 consentiunt
1418 1193 1683 1254 auctores,
1740 1207 1948 1245 necesse
1994 1189 2203 1244 videtur
2253 1188 2408 1243 alteri
2455 1189 2579 1252 (Bi-

264 1272 450 1326 limbioe
501 1273 706 1344 Reich.)
761 1278 956 1331 servari
1008 1294 1196 1331 nomen
1245 1275 1607 1341 Linnoeanum,
1676 1277 1834 1332 alteri
1889 1275 2108 1331 attribui
2154 1276 2579 1332 Adansonianum

258 1358 662 1430 (Carambolae)‚
712 1362 823 1432 jam
881 1363 1017 1417 1763
1069 1363 1266 1417 datum.
1340 1363 1615 1418 Sufficiens
1660 1365 1827 1435 igitur
1873 1363 2023 1418 nobis
2060 1381 2162 1419 non
2200 1364 2409 1419 videtur
2443 1362 2580 1417 ratio

259 1448 484 1501 nominis
519 1449 787 1506 Bilimbiae
821 1450 1002 1504 DNtrs
1037 1449 1411 1521 supprimendi.

432 1591 463 1655 4
486 1623 947 1691 Eubilimbia
988 1623 1103 1689 Th.
1150 1624 1287 1688 ΡΜ
1337 1642 1532 1706 sporae
1576 1643 1703 1688 non
1745 1623 2403 1689 caudato-attenuatae.

397 1755 539 1826 Syn.
612 1757 869 1812 Bilimbia
903 1759 1100 1814 DNtrs.
1137 1759 1193 1813 in
1229 1759 1404 1812 Giorn.
1441 1758 1548 1813 bot.
1586 1760 1645 1812 it.
1686 1761 1732 1812 2.
1769 1763 1808 1814 t.
1848 1761 1895 1812 1.
1933 1760 2116 1831 (1846)
2152 1779 2200 1831 p.
2239 1761 2368 1823 190,
2420 1757 2576 1812 Korb.

259 1847 398 1913 Syst.
436 1862 486 1913 p.
524 1844 653 1909 211,
693 1844 787 1900 Th.
825 1846 912 1900 Fr.
949 1847 1094 1900 Aret.
1130 1864 1183 1916 p.
1223 1845 1354 1910 182,
1392 1845 1522 1899 Gen.
1559 1845 1790 1901 Heterol.
1830 1867 1880 1920 p.
1918 1848 2001 1902 84.

397 1930 636 1985 Lecideoe
669 1934 905 1987 vernalis
932 1934 1129 2001 formae
1164 1932 1283 2002 Nyl.
1322 1931 1503 1985 Prodr.
1541 1950 1591 2002 p.
1632 1934 1748 1986 107.

303 2075 316 2080 ,
396 2018 624 2071 Lecidea
657 2019 979 2086 sphaeroides
1014 2018 1132 2089 Nyl.
1176 2017 1359 2072 Soand.
1398 2036 1447 2088 p.
1487 2019 1606 2071 204.

407 2104 810 2160 Weitenwebera
847 2106 977 2177 Opiz
1013 2108 1069 2160 in
1105 2106 1268 2160 Lotos
1306 2105 1442 2159 1857
1479 2124 1528 2176 p.
1571 2109 1699 2168 235,
1753 2105 1982 2161 Poetsch
2029 2105 2164 2174 Syst.
2203 2102 2350 2156 Ausz.
2390 2119 2436 2171 p.
2476 2103 2579 2156 213

257 2198 384 2256 (non
419 2190 618 2255 Korn).

745 2386 801 2446 1.
892 2392 956 2449 Β.
1014 2389 1499 2450 SPHAEROIDES
1546 2389 1797 2466 (Dicks.)
1841 2386 1946 2446 Th.
1994 2388 2089 2445 Fr.

430 2554 653 2621 Crusta
685 2557 1619 2641 granulato-subpulverulenta‚
1656 2556 2240 2622 cinereo-virescens
2276 2554 2374 2617 vel
2412 2553 2576 2617 cine-

258 2659 795 2735 rascenti-albida3
866 2662 1187 2744 apotheoia
1240 2662 1607 2735 mediocria,
1665 2661 1932 2737 sessilia‚
1980 2657 2266 2743 primitus
2313 2674 2579 2721 concava

258 2765 320 2826 et
388 2763 661 2842 margine
718 2763 1041 2846 pallidiore
1098 2765 1500 2830 crassiuseulo
1557 2763 1795 2828 elevato
1852 2763 2080 2837 cineta,
2137 2760 2384 2823 demum
2430 2758 2574 2821 sub-

256 2864 510 2947 globosa
580 2867 1044 2949 immarginata,
1111 2868 1389 2942 helvola,
1449 2867 1700 2949 pallide
1768 2869 2107 2932 incarnata
2167 2862 2263 2927 vel
2317 2881 2574 2927 carne&

257 2968 461 3045 lutam
506 2987 702 3052 sporae
750 2971 1106 3035 normaliter
1152 2971 1556 3036 tetrablastae.

392 3101 530 3171 Syn.
602 3102 800 3157 Lichen
851 3105 1172 3174 sphoeroides
1216 3108 1392 3162 Dicks.
1444 3108 1523 3161 Pl.
1565 3108 1744 3177 Crypt.
1782 3105 1810 3158 I
1847 3104 2033 3168 (1785)
2071 3120 2118 3172 p.
2158 3104 2207 3154 9.
2247 3134 2311 3141 —
2350 3101 2579 3155 Lecidea

253 3189 430 3242 Smrft.
473 3190 648 3259 Suppl.
687 3207 735 3259 p.
777 3192 878 3243 164
907 3196 1037 3256 (α.),
1076 3193 1197 3263 Nyl.
1225 3193 1407 3249 Scand.
1435 3213 1482 3263 p.
1522 3195 1628 3247 204
1665 3192 1809 3257 (excl.
1851 3198 2038 3253 varr.),
2078 3190 2238 3258 Lapp.
2266 3205 2340 3241 or.
2368 3208 2415 3259 p.
2446 3189 2572 3250 150,

254 3275 479 3330 Stizenb.
535 3275 653 3330 Leo.
714 3275 820 3330 sab.
876 3296 924 3348 p.
983 3279 1049 3331 13
1104 3283 1217 3349 (α.).
1281 3312 1338 3320 -
1390 3281 1648 3334 Bzflimbia
1697 3279 1795 3333 Th.
1834 3277 1919 3332 Fr.
1959 3277 2102 3331 Aret.
2141 3276 2324 3344 (1860)
2358 3294 2408 3346 p.
2447 3276 2577 3344 182,

252 3361 338 3417 Br.
378 3365 434 3416 et
469 3361 641 3415 Rostr.
684 3361 815 3417 Dan.
856 3382 904 3434 p.
945 3366 1061 3418 102.

393 3449 620 3503 Ιιεαῖᾱεα
672 3452 909 3504 vernalis·
959 3459 1012 3523 β.
1069 3453 1389 3522 sphoeroides
1442 3452 1567 3506 Ach.
1621 3451 1784 3504 Meth.
1831 3469 1879 3520 p.
1929 3450 2025 3516 68,
2082 3449 2199 3503 Vet.
2248 3448 2345 3502 ΑΚ.
2382 3448 2574 3503 Handl.

262 3535 393 3587 1808
429 3552 477 3604 p.
517 3536 644 3598 266,
684 3536 835 3591 Univ.
874 3557 925 3608 p.
965 3540 1067 3592 199
1106 3541 1222 3606 (cfr.
1260 3538 1436 3602 infra).
1476 3569 1544 3580 —
1582 3540 1815 3593 Biatora
1850 3538 1935 3591 Fr.
1975 3537 2035 3590 L.
2075 3536 2136 3589 Ε.
2173 3553 2223 3605 p.
2253 3537 2353 3589 261
2390 3545 2462 3607 (p.
2486 3544 2575 3605 p.).

390 3623 621 3677 Leciclea
657 3625 992 3679 alabastrimz
1030 3632 1082 3695 β.
1119 3626 1439 3694 sphaeroides
1476 3626 1602 3678 Ach.
1645 3630 1764 3694 Syn.
1802 3644 1852 3695 p.
1889 3626 1974 3678 46.

392 3709 592 3763 Liohen
627 3712 862 3765 vernalis
900 3713 1085 3783 Wnbg.
1124 3712 1283 3781 Lapp.
1323 3730 1373 3780 p.
1412 3712 1540 3775 405,
1580 3711 1724 3767 Sueo.
1765 3731 1816 3783 p.
1853 3713 1957 3764 833
1994 3716 2064 3781 (p.
2102 3714 2195 3778 p.).

391 3795 528 3849 Exs.
603 3796 781 3852 Stenh.
822 3801 890 3853 51
923 3800 982 3853 Β.
1023 3800 1226 3868 (Reae.
1266 3798 1568 3867 vernalzff).

429 3917 624 4001 Supra
679 3940 955 3997 muse-oe,
1022 3922 1219 3985 rarius
1274 3920 1348 3984 ad
1406 3922 1666 3985 cortices
1720 3921 1995 3984 vestutas
2041 3919 2103 3981 et
2146 3917 2320 4001 ligna
2363 3919 2572 4000 putre-

255 4022 506 4085 scentia.
596 4023 667 4086 ln
724 4021 950 4087 ‚Danda
1015 4023 1440 4087 tantummodo
1506 4024 1668 4087 leota
1723 4041 1911 4105 prope
1960 4020 2300 4102 Flensborg
2348 4019 2442 4103 (J.
2494 4021 2570 4083 l).

253 4124 543 4208 Branth).
633 4126 706 4190 In
761 4128 1102 4189 ceterorum
1160 4143 1489 4208 regnorum
1550 4125 1731 4190 facile
1778 4124 2059 4188 omnibus
2104 4123 2382 4207 partibus
2430 4144 2571 4206 pas-

254 4229 371 4292 sim
417 4228 623 4305 adest,
671 4229 733 4293 in
778 4227 1281 4293 meridionalibus
1316 4229 1883 4312 campestribusque
1918 4240 2120 4290 tamen
2160 4226 2385 4299 rarior,
2435 4244 2571 4308 sep-

255 4331 625 4395 tentrionem
690 4351 899 4396 versus
957 4331 1333 4414 frequentior
1390 4334 1572 4413 atque
1628 4351 1818 4414 usque
1865 4332 1928 4394 in
1973 4331 2253 4413 regiones
2311 4330 2574 4393 maxime

260 4432 535 4498 boreales
602 4433 1019 4517 progrediens,
1112 4432 1309 4517 Supra
1377 4454 1522 4500 saxa
1593 4436 1656 4499 in
1711 4435 1951 4518 alpibus
2010 4433 2424 4499 Dovrensibus
2484 4433 2573 4497 vi-

257 4536 475 4600 dimus.
