3177 5011
928 1209 1738 1335 LICHENES.

376 1526 676 1614 Plantae
721 1525 1129 1617 cellulares
1176 1528 1419 1615 thallo
1464 1528 1923 1640 gonidiifero
1958 1529 2292 1644 praeditae
2328 1551 2499 1639 spo·

160 1688 452 1775 rasque
504 1663 756 1753 libera
805 1668 1308 1778 generatione
1361 1675 1574 1753 ortas
1625 1668 1711 1754 in
1763 1668 1963 1754 ascis
2014 1666 2384 1754 foventes.

224 1890 231 1897 ⁰
335 1906 386 1969 1.
456 1906 802 1973 Innumerae
840 1907 1020 1991 regni
1059 1906 1429 1990 vegetabilis
1471 1908 1686 1976 formae
1731 1910 1796 1974 in
1835 1909 1988 1975 duas
2029 1907 2303 1993 ejusdem
2352 1906 2493 1988 dig-

161 2008 380 2073 nitatis
444 2013 679 2093 partes,
739 2010 1268 2092 Phaneroyamas
1336 2012 1522 2095 atque
1586 2009 2082 2095 Cryptoyamase,
2132 2011 2266 2095 jam
2329 2010 2492 2074 anti-

164 2111 374 2193 quitus
418 2111 769 2177 distributae
829 2112 1019 2177 fuere.
1111 2109 1306 2190 Quam
1360 2115 1543 2179 antea
1608 2114 1770 2179 haud
1828 2115 2123 2179 absonam
2177 2111 2492 2178 dividendi

164 2214 469 2279 rationem
524 2234 596 2280 ex
650 2214 790 2293 illo,
847 2213 953 2299 qui
1011 2233 1171 2280 nunc
1235 2218 1331 2280 est
1381 2217 1654 2282 scientiae
1710 2220 1910 2283 status
1928 2266 1945 2295 ‚
2004 2216 2259 2283 minime
2313 2232 2491 2298 posse

163 2314 440 2391 defendi,
494 2318 591 2382 vix
645 2317 970 2400 quisquam
1023 2317 1221 2399 possit
1279 2317 1554 2383 infitiari.
1656 2319 1732 2383 In
1782 2319 1990 2404 plures
2046 2317 2209 2383 enim
2268 2334 2490 2400 greges

173 2416 613 2500 cryptoyamae
677 2421 823 2484 sunt
888 2418 1261 2497 dividendae‚
1333 2439 1594 2504 quorum
1657 2421 1985 2505 unicuique
2039 2421 2103 2485 in
2157 2420 2489 2504 systemate

162 2521 325 2587 idem
373 2541 447 2587 ac
492 2522 998 2604 Phaneroyamis
1041 2522 1236 2587 honos
1280 2524 1376 2588 est
1417 2509 1800 2588 tribuendus,
1892 2522 2104 2603 Qualis
2138 2523 2493 2598 divisionis,

163 2624 431 2708 primum
476 2644 514 2690 a
558 2623 684 2691 Cel.
731 2623 795 2689 J.
838 2624 910 2689 Ε.
958 2624 1318 2709 Areschoug
1363 2625 1619 2710 (Larob.
1677 2626 1699 2690 i
1754 2627 1973 2692 Botan.
2020 2648 2079 2712 p.
2129 2626 2288 2710 334)
2342 2644 2487 2708 pro·

163 2727 409 2808 positae,
481 2727 624 2793 dein
688 2747 728 2792 a
780 2726 970 2793 variis
1026 2728 1381 2792 auctoribus
1434 2729 1739 2811 probatae‚
1797 2730 2147 2813 exemplum
2211 2728 2489 2813 praebent

165 2825 417 2891 Plantae
457 2828 986 2912 Ανοῆεῃοηᾰαῖεε,
1038 2829 1491 2895 antherozoidis
1544 2832 1817 2915 agilibus
1869 2832 2301 2916 spiraliterque
2357 2834 2487 2895 tor-

161 2929 243 2993 tis
284 2930 469 3014 atque
513 2932 904 3016 archegoniis
948 2933 1252 3017 insignem
1298 2934 1519 2998 ceterae
1565 2953 1777 3000 omnes
1810 2933 2038 3018 plantae
2070 2935 2487 3017 cryptogamae

160 3034 367 3097 utrum
410 3033 475 3098 in
522 3034 787 3103 alteram
831 3035 1197 3101 divisionem
1228 3033 1363 3118 (Pl.
1406 3035 2023 3120 Anarcheyoniales)
2069 3037 2196 3102 sint
2239 3053 2484 3100 coacer-

160 3134 400 3212 vandae,
446 3137 519 3200 ut
560 3137 689 3202 tres
734 3136 886 3203 fiant
929 3138 1103 3222 regni
1150 3137 1518 3221 vegetabilis
1563 3141 1803 3222 partes,
1850 3159 1929 3204 an
1975 3138 2184 3223 plures
2230 3137 2484 3203 divisio-

159 3255 267 3301 nes
309 3237 437 3302 sint
479 3240 911 3322 agnoscendae,
956 3241 1229 3306 nondum
1271 3240 1488 3324 liquet.
1576 3242 1775 3307 Novis
1805 3242 2300 3324 continuatisque
2331 3259 2485 3324 opus

160 3340 256 3404 est
297 3339 860 3420 observationibus,
905 3343 1210 3427 praecipue
1254 3343 1328 3409 de
1375 3345 1691 3410 structura
1734 3364 2106 3429 organorum
2146 3342 2484 3408 fructifica-

159 3442 343 3507 tionis
359 3491 376 3520 ‚
422 3443 848 3511 secundatione
892 3445 1458 3532 propagationeque
1478 3495 1495 3525 ,
1539 3446 1612 3511 ut
1656 3447 1894 3513 certum
1939 3445 2242 3533 judicium
2289 3443 2488 3528 possit

158 3546 562 3628 pronuntiari.

326 3648 531 3715 Unam
574 3650 768 3734 igitur
798 3650 1195 3730 divisionem,
1244 3648 1768 3734 ”Cryptoyamff
1814 3651 1945 3717 sive
1990 3650 2021 3681 ’'
2041 3646 2482 3733 Sporophyta”

161 3750 565 3834 appellatam,
610 3772 801 3836 quum
836 3774 911 3820 ea
941 3755 1178 3821 ratione
1209 3754 1553 3838 rejicimuS‚
1578 3753 1743 3837 quod
1766 3753 1996 3837 plantae
2029 3753 2214 3819 nimis
2250 3753 2483 3818 discre-

160 3855 404 3936 pantes,
449 3855 647 3920 invita
684 3859 937 3935 natura,
969 3860 1105 3923 tum
1139 3859 1344 3922 essent
1373 3857 1853 3941 congregandae,
1885 3857 2048 3921 haud
2081 3856 2316 3921 minore
2342 3855 2483 3940 jure

161 3955 417 4035 classes,
463 3977 600 4040 quae
654 3956 913 4042 ’'Atque''
958 3962 1023 4026 et
1078 3957 1369 4043 ''Fumi’'
1429 3959 1756 4039 dicuntur,
1815 3978 2135 4025 censemus
2189 3977 2480 4043 spernen-

161 4057 283 4122 das.
371 4058 521 4138 Quae
566 4064 779 4128 nostra
828 4063 1132 4128 sententia
1187 4060 1358 4126 nullo
1404 4061 1586 4128 modo
1638 4065 1943 4141 mutatur,
1991 4063 2120 4128 sive
2174 4060 2482 4126 Lichmws

161 4181 268 4245 pro
316 4162 517 4228 classe
570 4165 864 4231 distincta
912 4166 1215 4232 habentur
1259 4165 1389 4230 sive
1434 4182 1575 4230 cum
1621 4165 1801 4249 Algis
1847 4166 2156 4248 Fungisve
2214 4182 2472 4230 connec-

162 4267 386 4331 tuntur.
478 4266 824 4351 Unicuique
874 4267 987 4332 has
1043 4268 1317 4351 p‘anta8‚
1370 4267 1469 4333 vel
1523 4267 1723 4333 obiter
1777 4268 2050 4345 tantum,
2106 4266 2481 4332 examinanti

164 4369 552 4435 manifestum
597 4389 741 4435 sane
785 4369 969 4435 debet
1010 4389 1174 4449 esse,
1220 4371 1285 4436 et
1326 4369 1523 4453 Algas
1569 4372 1634 4435 et
1677 4370 1929 4454 Fungos
1982 4370 2228 4454 plantas
2279 4367 2478 4433 omni-

162 4470 268 4538 bus
318 4472 447 4540 fere
503 4472 754 4559 organis
812 4472 1339 4558 (fructificationis
1391 4474 1701 4560 praecipue
1716 4523 1733 4552 ‚
1801 4475 2077 4559 respecto
2143 4474 2480 4632 systeinate
